2280 3574
918 268 1205 312 -13-

194 387 397 436 salutant
427 386 740 434 advenientem
771 385 888 443 (155)
934 385 1023 428 ἀλλ’
1059 385 1134 427 ὅδε
1165 386 1248 441 γὰρ
1281 385 1336 439 δὴ
1366 385 1576 439 βασιλεὺς
1605 384 1750 439 χώρας
1781 383 1939 439 Κρέων,

195 461 219 504 ὁ
251 459 510 510 Μενοικέως
538 456 770 514 <παλαιᾶς>
800 456 987 512 νεοχμὸς
1027 462 1230 510 νεαραῖσι
1260 459 1383 496 θεῶν
1414 451 1485 495 ἐπὶ
1518 455 1776 507 συντυχίαις
1804 461 1938 509 χωρεῖ

196 533 287 574 κτλ.
348 528 703 587 supplementum
733 526 953 569 incertum
985 526 1081 578 est,
1126 523 1196 566 cui
1224 524 1460 581 praeferas
1491 523 1649 566 forsan
1679 522 1836 579 ἀρθείς
1866 522 1940 566 vel

197 599 340 644 simile
378 597 687 656 participium,
735 595 812 640 sed
851 596 1042 652 apparet
1082 593 1206 637 felici
1247 593 1370 637 casui
1410 593 1703 647 (συντυχίαις)
1747 591 1940 635 attribui

197 669 315 727 quod
366 667 552 711 calidius
601 669 761 724 postea
800 680 824 709 e
863 663 1072 708 Creontis
1123 663 1303 707 famulis
1354 662 1515 720 aliquis
1567 661 1734 704 domini
1772 661 1940 706 virtuti

198 738 413 783 attribuit
444 736 615 794 (1161):
660 735 816 793 Κρέων
846 735 930 790 γὰρ
961 731 1017 789 ἧν
1049 735 1250 789 ζηλωτός,
1293 734 1352 784 ὡς
1382 733 1492 788 ἐμοί,
1531 731 1650 787 ποτέ,
1682 733 1829 782 σώσας
1858 731 1940 788 μὲν

198 809 374 865 ἐχθρῶν
404 808 536 863 τήνδε
569 807 796 862 Καδμείαν
835 805 980 862 χθόνα
1020 805 1171 859 λαβών
1213 819 1258 846 τε
1295 804 1441 860 χώρας
1471 805 1663 858 παντελῆ
1693 804 1940 859 μοναρχίαν

197 879 383 935 ηὔθυνε.
445 877 523 921 sed
553 875 810 933 languidius
842 874 979 918 etiam
1020 875 1067 917 et
1108 873 1220 917 satis
1264 872 1469 929 ambigue
1500 871 1657 916 audita
1687 872 1808 928 regis
1842 886 1939 915 ora-

198 948 321 992 tione
352 947 691 992 adsentiuntur:

522 1043 594 1087 σοὶ
625 1043 741 1086 ταῦτ’
777 1041 992 1099 ἀρέσκειν,
1025 1049 1108 1084 παῖ
1136 1041 1407 1095 Μενοικέως,
1439 1041 1582 1097 χρεὼν

523 1116 602 1158 τὸν
630 1114 755 1169 τῆιδε
786 1113 985 1156 δύσνουν
1015 1110 1088 1154 καὶ
1119 1112 1197 1155 τὸν
1228 1110 1391 1166 εὐμενῆ
1422 1111 1570 1153 πόλει·

526 1185 664 1239 νόμωι
696 1181 745 1225 δὲ
773 1187 966 1240 χρῆσθαι
997 1183 1133 1224 παντί
1161 1182 1249 1224 πού
1279 1180 1314 1236 γ’
1349 1182 1497 1223 ἔνεστί
1523 1191 1595 1222 σοι

521 1252 594 1296 καὶ
623 1261 712 1296 τῶν
741 1254 978 1296 θανόντων
1008 1251 1204 1309 χώπόσοι
1237 1254 1376 1306 ζῶμεν
1407 1249 1520 1306 πέρι.
1541 1249 1572 1306 1)

201 1367 290 1395 non
323 1351 466 1396 solum
496 1350 712 1408 optimum
743 1363 957 1407 quemque
984 1363 1142 1392 verum
1163 1347 1300 1391 etiam
1325 1346 1565 1404 pessimum
1585 1360 1800 1403 quemque
1821 1345 1942 1388 dicto

203 1422 458 1466 audientem
487 1421 588 1464 fore
618 1420 908 1478 promittunt,
940 1418 1212 1462 necessitate
1244 1417 1415 1461 scilicet
1448 1431 1596 1460 omnes
1619 1418 1809 1459 coactos.
1856 1430 1945 1458 non

128 1496 144 1503 ‘
203 1491 397 1550 percipit
437 1491 552 1535 Creo
593 1491 834 1535 verborum
872 1488 1050 1532 aculeos
1090 1502 1233 1544 neque
1282 1486 1450 1530 invitos
1493 1486 1634 1530 sentit
1677 1485 1796 1530 cives
1839 1499 1944 1529 suae

206 1561 456 1606 sententiae
479 1560 710 1605 accedere:
733 1559 945 1617 pertinax
966 1558 1082 1602 enim
1102 1557 1243 1614 magis
1265 1559 1334 1600 est
1355 1571 1487 1614 quam
1506 1555 1755 1614 perspicax.
1793 1558 1945 1599 tamen

203 1634 256 1676 ut
288 1631 383 1675 fert
414 1646 487 1675 res
518 1645 608 1674 non
639 1630 750 1674 satis
780 1628 962 1672 confidit
992 1628 1149 1672 defore
1179 1627 1256 1684 qui
1285 1626 1501 1670 mercedis
1534 1641 1611 1683 spe
1642 1625 1826 1669 adducti
1846 1640 1945 1668 con-

202 1703 378 1759 tempta
408 1700 568 1758 capitis
599 1714 743 1758 poena
773 1699 820 1741 in
849 1698 1043 1742 vetitum
1080 1697 1311 1751 nitantur;
1354 1697 1428 1739 ὑπ’
1461 1696 1656 1739 ἐλπίδων
1698 1696 1865 1751 ἄνδρας
1894 1697 1944 1738 τὸ

203 1771 362 1828 κέρδος
391 1771 604 1820 πολλάκις
635 1771 847 1812 διώλεσεν
877 1768 1011 1825 (221).
1055 1782 1145 1810 non
1165 1766 1293 1810 addit
1314 1780 1548 1823 quemnam
1577 1765 1792 1809 mercedis
1825 1780 1946 1823 spem

203 1842 431 1885 facturum
475 1855 572 1884 esse
624 1839 801 1892 credat,
850 1837 928 1882 sed
972 1837 1027 1881 de
1057 1837 1291 1893 Antigona
1338 1835 1458 1879 haud
1499 1835 1630 1879 dubie
1678 1835 1944 1892 suspicatur,

205 1925 337 1968 quam
366 1925 449 1968 pro
480 1910 620 1953 insita
650 1924 824 1952 morum
854 1907 1127 1952 austeritate
1166 1921 1337 1964 proque
1379 1905 1479 1948 odio
1518 1905 1693 1963 pridem
1733 1907 1945 1963 concepto

205 1981 280 2037 (cf.
311 1996 354 2025 v.
387 1980 487 2036 lo),
529 1994 625 2023 cum
664 1978 936 2037 praesertim
971 1977 1261 2020 inhonestata
1301 1975 1463 2020 fratris
1496 1975 1710 2019 memoria
1738 1975 1946 2032 graviter

206 2052 377 2094 offensa
397 2052 530 2104 esset,
562 2049 887 2093 rebellaturam
907 2063 1004 2092 esse
1026 2047 1149 2091 credi
1178 2048 1377 2104 poterat.
1429 2046 1507 2090 sed
1537 2060 1639 2089 mox
1667 2060 1764 2088 cum
1785 2060 1945 2103 corpus

206 2121 253 2164 in
293 2120 552 2179 sepulturae
595 2119 785 2177 speciem
823 2117 1010 2176 pulvere
1051 2131 1338 2175 conspersum
1378 2115 1637 2170 nuntiatur,
1680 2130 1770 2158 non
1809 2115 1946 2159 audet

208 2190 486 2247 Antigonam
515 2204 639 2234 ream
669 2188 950 2233 existimare:
982 2187 1182 2231 meminit
1208 2201 1306 2230 cum
1325 2200 1453 2229 mane
1472 2185 1550 2230 vix
1570 2185 1807 2242 vulgatum
1827 2187 1948 2229 esset

209 2260 413 2315 edictum,
446 2260 614 2304 vidisse
646 2274 692 2304 se
722 2274 804 2317 per
834 2259 990 2302 urbem
1021 2257 1139 2301 cives
1171 2256 1409 2300 fastidiose
1438 2257 1782 2310 murmurantes,
1815 2255 1948 2300 vultu

209 2330 343 2375 dubio
384 2330 534 2388 capita
574 2332 827 2383 moventes,
868 2328 975 2372 novi
1014 2326 1180 2371 domini
1217 2326 1370 2383 iugum
1408 2340 1544 2382 aegre
1586 2326 1800 2369 ferentes.
1827 2376 1831 2381 '
1861 2325 1950 2369 iam

210 2400 449 2445 adducitur
482 2399 716 2456 Antigona
756 2399 803 2442 in
838 2397 1077 2442 manifesto
1120 2396 1321 2440 facinore
1361 2395 1649 2453 deprehensa.
1722 2395 1837 2439 Creo
1877 2410 1949 2439 ve-

212 2471 442 2514 hementer
483 2471 779 2527 perturbatus
825 2468 956 2512 initio
1005 2469 1209 2512 erratum
1263 2481 1360 2510 esse
1401 2467 1456 2509 ab
1498 2465 1756 2509 custodibus
1796 2468 1951 2523 sperat

213 2541 348 2596 (403),
380 2555 483 2583 mox
512 2540 653 2583 libere
679 2539 753 2584 vel
780 2539 930 2596 potius
952 2540 1169 2596 proterve
1189 2536 1475 2580 confitentem
1494 2535 1702 2592 graviter
1723 2535 1949 2594 increpat:

212 2610 333 2668 regis
374 2610 568 2654 edictum
609 2612 656 2654 et
698 2609 843 2667 legem
882 2609 1104 2667 publicam
1143 2606 1361 2652 violatam
1397 2621 1506 2650 esse.
1567 2605 1690 2650 ridet
1719 2605 1953 2663 Antigona
2002 2601 2005 2604 ’

311 2788 346 2832 1)
372 2787 426 2823 sic
451 2786 676 2823 emendanda
701 2787 789 2822 mihi
815 2786 982 2822 videntur
1008 2796 1100 2831 quae
1135 2786 1274 2821 tradita
1315 2791 1398 2821 sunt
1438 2783 1496 2819 σοὶ
1532 2782 1635 2819 ταῦτ’
1676 2783 1845 2829 ἀρέσκει,
1882 2788 1960 2819 παῖ

213 2847 431 2888 Μενοικέως
455 2844 597 2892 Κρέων.
647 2849 809 2883 ‘necesse
835 2851 904 2890 est,
929 2847 1108 2891 inquiunt,
1134 2846 1228 2891 quod
1256 2847 1334 2890 regi
1360 2847 1504 2890 placeat
1529 2844 1654 2879 eadem
1679 2845 1789 2880 etiam
1815 2845 1953 2880 civibus

214 2907 360 2951 placere
386 2907 461 2942 sive
487 2908 580 2942 male
607 2907 661 2942 rei
691 2907 861 2951 publicae
886 2916 949 2940 seu
975 2906 1065 2940 bene
1099 2906 1317 2941 volentibus.
1367 2915 1432 2940 rex
1458 2905 1550 2939 enim
1577 2914 1627 2948 es,
1653 2909 1694 2939 ut
1719 2904 1846 2948 quavis
1873 2904 1953 2948 lege

215 2965 325 3001 liceat
361 2966 430 3001 tibi
468 2967 613 3012 quidem
648 2967 703 3002 uti
737 2966 775 3001 in
806 2965 906 3000 vivos
940 2966 1082 3009 pariter
1120 2971 1229 3009 atque
1266 2966 1304 2999 in
1342 2963 1528 2999 mortuos’.
1578 2962 1803 3008 depravatur
1833 2970 1954 2999 autem

216 3030 346 3069 poetae
369 3026 559 3061 consilium
584 3025 765 3062 Dindorfii
790 3025 1001 3060 coniectura
1035 3022 1151 3070 νόμωι
1178 3022 1220 3060 δὲ
1243 3025 1408 3070 χρῆσθαι
1434 3021 1550 3058 παντὶ
1580 3023 1642 3058 σοί
1663 3022 1694 3069 γ’
1724 3021 1847 3058 ἔνεστί
1867 3036 1954 3067 που,

217 3085 392 3128 siquidem
418 3086 571 3121 alterius
598 3086 746 3122 distichi
770 3086 886 3120 omnis
915 3086 968 3120 vis
994 3085 1030 3119 in
1057 3086 1148 3129 legis
1182 3086 1330 3120 notione
1367 3085 1489 3129 posita
1516 3090 1580 3118 est.
1632 3081 1780 3128 ἀρέσκει
1805 3083 1891 3119 τινά
1917 3097 1953 3118 τι

217 3151 342 3180 notum
366 3152 422 3181 est
447 3146 590 3182 dicendi
608 3158 741 3191 genus:
769 3147 902 3181 dativis
927 3150 994 3180 τῶι
1021 3144 1159 3180 δύσνωι
1185 3144 1248 3180 καὶ
1274 3150 1339 3180 τῶι
1362 3144 1513 3189 εὐμενεῖ
1531 3145 1760 3180 accusativos
1778 3145 1955 3189 praetulit

217 3213 328 3250 poeta
352 3211 389 3241 et
413 3212 528 3243 metro
553 3207 814 3243 commodiores
841 3212 876 3242 et
904 3207 1072 3251 quoniam
1099 3217 1121 3241 a
1146 3205 1281 3242 dativis
1306 3205 1467 3241 dativum
1488 3204 1608 3250 (τῆιδε
1632 3202 1754 3249 πόλει)
1780 3206 1953 3250 suspendi

219 3266 347 3302 uoluit.
