2280 3574
932 233 1222 282 -17.-

205 367 319 411 quae
350 355 590 412 praesente
620 352 750 398 modo
782 353 978 398 Creonte
1016 357 1111 399 tam
1150 354 1265 399 dura
1304 357 1399 399 tam
1441 352 1577 400 fortis
1612 359 1707 401 tam
1736 356 1947 417 prompta

204 423 262 468 ad
291 423 568 468 moriendum
597 423 850 478 videbatur,
888 438 1002 481 quae
1033 425 1224 482 superbe
1254 425 1486 470 taciturna
1514 442 1570 470 ne
1600 429 1739 472 verbo
1771 429 1949 485 quidem

205 493 358 552 sponsi
387 508 539 538 amore
571 509 618 538 se
649 493 821 538 moveri
851 488 1200 550 significaverat,
1244 494 1334 539 iam
1365 495 1462 540 sola
1491 496 1655 540 relicta
1685 497 1788 540 dum
1819 498 1866 541 in
1896 514 1947 542 eo

205 566 275 607 est
305 566 357 607 ut
387 563 434 606 in
463 577 689 607 carcerem
719 562 980 616 abducatur,
1012 563 1196 607 infando
1228 579 1398 622 pavore
1428 580 1642 623 percussa
1660 566 1784 611 vitae
1805 567 1948 611 lucem

206 635 253 676 et
283 632 544 691 nuptiarum
574 632 905 690 liberorumque
937 648 1059 690 spem
1101 634 1440 692 relinquendam
1469 635 1716 680 miserabili
1746 651 1854 681 voce
1884 637 1947 681 la-

205 704 448 746 mentatur.
497 702 574 746 diu
604 702 792 746 fortiter
824 717 871 747 se
902 706 1176 758 coercuerat,
1208 704 1401 762 primum
1430 705 1570 763 ipsius
1603 706 1816 751 facinoris
1849 722 1947 750 con-

205 771 394 816 scientia
415 771 549 826 elata,
571 774 669 816 tum
691 772 876 816 Creonti
896 772 1047 816 verita
1067 789 1123 817 ne
1144 773 1335 817 debilior
1357 774 1612 819 videretur:
1638 775 1727 819 iam
1743 777 1946 820 Ismenae

207 841 261 885 de
293 841 535 886 Haemonis
567 856 719 886 amore
749 842 900 886 verbis
931 842 1099 887 auditis
1131 843 1347 901 quidquid
1370 845 1490 889 inest
1510 845 1558 889 in
1579 860 1632 890 ea
1653 846 1947 890 humanitatis

205 911 508 955 resuscitatur
552 914 599 956 et
639 911 909 970 interposito
941 912 1181 957 Haemonis
1214 928 1310 957 cum
1351 917 1486 972 patre
1526 930 1728 959 sermone
1770 915 1946 960 intelle-

203 980 347 1038 gimus
380 981 500 1025 haud
531 981 762 1038 indignum
793 997 889 1026 esse
919 982 1136 1037 iuvenem,
1175 983 1222 1027 in
1253 984 1375 1028 cuius
1407 999 1559 1029 amore
1589 985 1726 1029 nimia
1755 986 1946 1043 virginis

203 1050 394 1095 durities
426 1051 673 1096 mollescat.
726 1054 778 1096 ut
807 1052 986 1096 Ismena
1014 1052 1112 1110 ipso
1143 1054 1304 1098 mortis
1337 1057 1577 1113 conspectu
1609 1056 1945 1109 corroboratur,

202 1120 271 1164 ita
291 1120 551 1178 Antigonae
581 1120 709 1178 rigor
740 1121 860 1165 dulci
893 1121 1013 1166 vitae
1044 1123 1258 1167 memoria
1288 1124 1500 1168 lentescit
1531 1127 1578 1169 et
1608 1125 1821 1169 flectitur.
1870 1125 1948 1169 sed

203 1206 258 1234 ne
291 1189 354 1234 sic
384 1191 561 1248 quidem
591 1205 619 1234 a
649 1206 697 1235 se
726 1191 826 1249 ipsa
849 1191 1012 1235 deficit.
1058 1195 1320 1250 querentem
1342 1193 1502 1239 chorus
1525 1195 1797 1250 consolatur,
1829 1195 1948 1253 quod

201 1259 446 1317 gloriosam
478 1264 524 1305 et
555 1262 860 1324 yoluntariam
900 1265 1092 1306 mortem
1133 1263 1378 1321 oppetierit
1410 1265 1542 1318 (817).
1604 1265 1662 1309 ad
1691 1280 1804 1323 quae
1834 1266 1948 1309 nihil

202 1329 284 1373 illa
313 1331 587 1388 respondens
630 1332 784 1389 pergit
827 1331 978 1390 queri,
1021 1332 1140 1390 quod
1176 1333 1442 1378 tristissimo
1474 1334 1647 1379 Niobae
1690 1336 1788 1379 fato
1821 1351 1947 1379 suum

203 1399 347 1443 simile
378 1400 451 1443 sit.
511 1400 595 1444 1166
633 1416 730 1444 611111
774 1402 934 1446 chorus
976 1417 1185 1459 magnum
1231 1418 1328 1447 esse
1371 1403 1540 1448 dixerit
1584 1408 1630 1449 et
1660 1406 1863 1459 beatum,
1909 1405 1948 1449 si

204 1469 420 1513 mortales
453 1484 550 1514 cum
580 1470 649 1515 dis
680 1471 1006 1516 immortalibus
1039 1473 1291 1530 comparari
1321 1474 1510 1531 possint,
1542 1475 1751 1532 graviter
1781 1477 1828 1519 et
1858 1475 1946 1519 ira-

203 1538 343 1583 cunde
372 1539 567 1583 ludibrio
610 1556 657 1584 se
699 1541 855 1585 haberi
895 1541 1059 1586 clamat
1091 1543 1224 1598 (838).
1286 1545 1384 1587 tum
1427 1544 1628 1589 severius
1671 1545 1823 1603 paullo
1868 1545 1947 1589 sed

202 1623 292 1652 non
321 1608 488 1654 iniuste
520 1610 681 1655 chorus

183 1728 192 1729 ff
260 1704 445 1760 προβᾶσ’
480 1704 545 1747 ἐπ’
578 1706 763 1762 ἔσχατον
792 1705 993 1762 θράσους
1022 1707 1198 1762 ὑψηλὸν
1229 1706 1274 1758 ἐς
1303 1710 1446 1758 Δίκας
1474 1708 1651 1764 βάθρον

332 1773 614 1830 προσέπεσες,
646 1772 680 1818 ὦ
711 1774 882 1830 τέκνον,
913 1777 1063 1819 πόλιν·
1095 1784 1319 1833 πατρῶιον
1350 1777 1388 1820 δ’
1422 1777 1606 1830 ἐκτίνεις
1634 1779 1717 1823 τιν’
1743 1776 1889 1823 ἆθλον
1903 1779 1947 1836 1).

202 1866 230 1909 i.
262 1882 300 1919 e.
335 1870 398 1911 ‘eo
429 1883 570 1925 usque
601 1868 904 1912 contumaciae
935 1869 1168 1926 prodiisti,
1210 1872 1263 1914 ut
1299 1870 1356 1914 ad
1385 1871 1598 1915 Iustitiae
1639 1872 1799 1916 solium
1834 1875 1946 1916 tam-

203 1951 335 1994 quam
365 1937 423 1980 ad
454 1937 683 1996 scopulum
714 1938 997 1983 allidereris’.
1050 1939 1162 1984 iuris
1184 1943 1335 1984 autem
1355 1940 1515 1984 solium
1537 1955 1589 1985 ac
1607 1942 1946 1987 fundamentum

202 2021 275 2050 res
296 2006 475 2067 publica
496 2010 578 2052 est.
626 2023 715 2051 non
737 2008 995 2066 obloquitur
1016 2009 1262 2067 Antigona,
1296 2010 1374 2054 sed
1405 2011 1523 2068 quod
1552 2026 1694 2068 grave
1715 2011 1946 2065 heredium

202 2075 229 2119 a
259 2079 392 2134 patre
423 2077 632 2121 relictum
662 2078 884 2136 accepisse
915 2078 1094 2134 dicitur,
1136 2079 1239 2123 inde
1269 2095 1431 2125 novam
1461 2081 1737 2125 lamentandi
1767 2096 1946 2125 causam

202 2146 396 2203 repetit:
429 2161 456 2190 a
486 2148 634 2205 patris
665 2148 914 2205 matrisque
943 2149 1136 2192 nefando
1169 2149 1373 2207 coniugio
1406 2150 1552 2194 omnia
1581 2151 1701 2194 mala
1730 2151 1944 2194 Labdaci-

202 2215 362 2259 darum
401 2216 551 2260 domui
588 2218 891 2262 nobilissimae
932 2221 1036 2262 orta
1081 2235 1198 2273 esse,
1244 2234 1271 2263 a
1310 2220 1473 2264 fratris
1517 2220 1731 2264 infaustis
1773 2221 1944 2278 nuptiis

202 2284 288 2328 sibi
319 2286 584 2344 supplicium
624 2287 800 2331 venisse
828 2288 972 2342 ,(867);
1013 2289 1163 2333 frater
1205 2289 1321 2333 enim
1362 2290 1450 2333 nisi
1485 2289 1680 2333 Adrasti
1717 2289 1857 2334 filiam
1899 2290 1946 2333 in

201 2355 533 2399 matrimonium
564 2357 789 2411 duxisset,
833 2357 1001 2401 bellum
1042 2373 1131 2402 non
1162 2360 1313 2402 ortum
1343 2362 1484 2414 esset,
1532 2359 1742 2404 viverent
1772 2360 1944 2410 fratres

202 2426 249 2467 et
280 2429 540 2482 regnarent.
588 2442 677 2470 non
706 2427 854 2485 patris
886 2442 975 2471 non
1005 2429 1165 2472 matris
1197 2444 1286 2472 non
1315 2429 1478 2473 fratris
1511 2444 1607 2473 eam
1636 2429 1834 2484 miseret,
1868 2430 1946 2474 sed

202 2494 320 2551 quod
350 2488 450 2553 ipsa
479 2499 719 2554 parentum
763 2497 932 2542 scelere
973 2500 1200 2556 prognata
1239 2499 1408 2554 (ἀραῖος
1437 2499 1564 2554 867),
1608 2499 1727 2556 quod
1756 2499 1946 2557 innupta

202 2563 426 2608 moritura
457 2568 539 2620 est,
573 2566 691 2623 quod
721 2571 910 2611 κλεινῶν
941 2570 1238 2628 Λαβδακιδῶν
1270 2569 1386 2626 (861)
1418 2568 1568 2625 gloria
1599 2569 1795 2624 evanuit,
1836 2570 1945 2614 haec

302 2750 337 2795 l)
363 2750 408 2785 de
433 2762 542 2787 3611311
565 2752 758 2788 verborum
781 2752 951 2797 quoniam
976 2752 1138 2790 dubitari
1160 2754 1300 2799 nequit,
1326 2754 1457 2799 scripsi
1488 2755 1584 2800 quod
1609 2755 1822 2792 facillimum
1847 2756 1943 2792 vide-

201 2809 310 2845 batur
343 2807 455 2845 πόλιν
489 2822 558 2856 pro
591 2810 712 2846 πολύν
744 2813 799 2847 vel
834 2811 940 2847 πολύ.
998 2813 1172 2857 alterum,
1212 2813 1308 2859 quod
1344 2814 1380 2849 in
1405 2809 1573 2851 Parisino
1606 2815 1780 2851 traditum
1813 2815 1941 2860 fertur,

200 2868 247 2904 ad
273 2870 392 2914 Δίκης
416 2868 569 2917 βάθρον
595 2871 726 2907 referri
753 2873 899 2916 nequit,
933 2871 1055 2910 πολύν
1081 2878 1224 2916 autem,
1262 2878 1302 2909 ut
1337 2879 1393 2910 est
1431 2875 1468 2909 in
1495 2875 1762 2919 Laurentiano,
1800 2886 1867 2920 per
1905 2886 1944 2910 se

202 2928 347 2973 quidem
382 2940 463 2965 cum
501 2931 554 2967 eis
590 2941 687 2975 ‚quae
723 2935 896 2969 secuntur
932 2932 1102 2977 coniungi
1140 2937 1286 2978 potest,
1325 2938 1366 2969 ut
1404 2934 1453 2969 sit
1489 2933 1609 2977 πολύν
1641 2946 1728 2970 τινα
1753 2939 1944 2979 πατρώιον

201 2983 359 3029 ἐκτίνεις
384 2984 524 3025 ἆθλον.
575 2990 639 3025 3611
665 2987 708 3025 δέ
731 2991 916 3035 particula
941 3002 1013 3026 non
1053 2996 1152 3027 recte
1177 2993 1358 3034 collocata
1382 2994 1562 3038 tollenda,
1606 3000 1800 3038 praeterea
1826 2999 1946 3029 autem

198 3047 398 3092 πατρώιων
423 3049 690 3091 restituendum
716 3051 786 3088 erit
825 3061 905 3086 cum
931 3061 1061 3095 magno
1088 3057 1124 3086 et
1150 3053 1354 3088 sententiae
1380 3059 1417 3088 et
1442 3053 1621 3098 orationis
1647 3053 1788 3089 damno.
1833 3064 1944 3088 unum

201 3111 259 3143 est
285 3107 322 3142 iu
347 3119 418 3152 quo
447 3119 470 3144 a
494 3114 601 3154 patre
627 3114 778 3154 accepto
803 3109 880 3146 filia
907 3110 1021 3154 plecti
1045 3111 1192 3156 dicitur,
1216 3111 1259 3147 τὸ
1285 3110 1387 3157 ὠμόν
1412 3112 1473 3158 (cf.
1493 3124 1525 3148 v.
1538 3113 1640 3159 Ι4711).
1685 3113 1794 3149 solvit
1810 3113 1944 3148 insitae

201 3171 354 3202 naturae
394 3178 545 3211 poenam
583 3165 753 3215 (ἐκτίνει)
797 3174 834 3205 et
861 3169 1002 3214 quidem
1028 3176 1199 3216 suscepto
1234 3173 1432 3207 certamine
1458 3167 1614 3218 (ἆθλον)
1654 3172 1828 3208 adversus
1867 3182 1943 3207 rem

202 3226 396 3272 publicam.

1568 3292 1595 3334 2
