2280 3574
1114 221 1288 265 „¹18
1350 242 1400 256 -ἠ

383 333 529 384 omnia
560 337 858 384 acerbissimis
892 338 1043 383 verbis
1077 338 1307 395 queritur,
1352 352 1494 394 neque
1535 337 1769 395 quicquam
1813 335 1897 382 sibi
1927 335 2029 382 inde
2061 353 2127 383 so-

381 410 486 454 lacii
516 410 696 467 quaerit
727 409 845 467 quod
876 423 987 465 erga
1017 408 1123 452 deos
1156 408 1230 452 vel
1262 401 1372 464 erga
1402 408 1596 451 fratrem
1619 407 1738 464 piam
1759 424 1806 452 se
1826 407 2127 465 praestiterit.

497 482 751 524 contemnet
781 481 972 522 mortem
1012 493 1138 521 nemo
1182 477 1269 521 nisi
1313 478 1491 531 stoicus,
1536 492 1617 520 nec
1656 478 1877 522 ferremus
1911 477 2131 522 Graecam

382 550 606 607 virginem
644 549 821 593 virtute
865 548 1103 605 superbam
1141 547 1188 590 in
1228 547 1325 605 ipso
1366 547 1525 590 mortis
1568 546 1696 590 aditu
1739 550 1966 605 tamquam
2009 548 2129 591 exul-

380 622 580 664 tantem:
621 622 772 663 tamen
814 620 948 662 erunt
993 617 1152 674 quibus
1196 617 1326 662 nimis
1369 617 1528 661 debilis
1569 616 1786 674 nimisque
1824 617 1978 674 iniqua
2007 618 2131 661 facta

380 689 592 734 videatur
634 689 766 745 virgo
821 687 1039 731 adversus
1093 702 1167 730 eos
1209 701 1398 744 quorum
1439 686 1615 730 miseris
1658 687 1768 731 fatis
1812 686 1954 743 magis
1999 701 2131 744 quam

385 759 520 803 factis
551 759 598 802 in
630 773 843 802 summam
878 757 1002 801 vitae
1033 757 1261 800 miseriam
1292 757 1486 801 adducta
1517 758 1630 800 erat.
1691 756 1800 800 mihi
1830 759 1967 800 recte·
1986 757 2132 800 omnia

383 832 429 873 et
459 830 732 887 perhumane
763 829 899 885 poeta
929 826 1185 870 instituisse
1217 827 1412 881 videtur,
1445 826 1574 869 modo
1596 841 1685 869 non
1705 826 1987 870 sanctissima
2006 826 2130 871 Iovis

383 899 684 955 Iustitiaeque
715 898 818 941 iura
848 896 1090 940 defendere
1122 896 1319 940 voluisse
1344 896 1624 952 Antigonam
1655 896 1824 950 credas,
1859 895 1937 939 sed
1966 896 2129 940 fratris

380 968 483 1012 iura
514 983 541 1012 a
573 968 769 1012 Creonte
800 966 985 1010 violata.
1048 968 1150 1009 tota
1181 969 1251 1010 est
1282 965 1640 1009 Labdacidarum
1669 965 1787 1020 filia,
1833 980 1939 1009 suae
1981 966 2130 1023 gentis

379 1038 563 1081 funesta
605 1036 825 1080 dedecora
869 1037 915 1079 et
955 1035 1208 1079 infortunia
1249 1037 1350 1079 toto
1392 1035 1537 1079 animo
1579 1034 1923 1092 persentiscens.
1987 1034 2132 1078 omnia

384 1107 500 1150 enim
529 1121 643 1163 quae
674 1107 798 1149 facta
830 1107 935 1149 sunt
977 1104 1208 1149 artissima
1253 1105 1582 1149 necessitudine
1627 1104 1748 1148 inter
1789 1120 1836 1148 se
1875 1104 2129 1160 cohaerent,

381 1176 546 1221 fratris
578 1176 768 1233 denique
799 1174 1016 1219 interitus
1050 1174 1187 1218 etiam
1218 1175 1387 1219 sororis
1421 1174 1592 1218 obitum
1621 1174 1770 1218 traxit
1801 1175 1951 1231 (869):

709 1266 761 1308 ἰὼ
793 1265 1063 1320 δυσπότμων
1093 1267 1329 1320 κασίγνητε
1360 1264 1513 1320 γάμων
1543 1265 1739 1320 κυρήσας

710 1336 869 1378 θανὼν
898 1334 954 1377 ἔτ’
988 1332 1128 1378 οὖσαν
1159 1334 1401 1391 κατήναρές
1430 1350 1496 1390 με.

385 1441 475 1469 non
504 1425 709 1484 paenitet
739 1423 864 1478 sacti,
904 1423 983 1467 sed
1009 1426 1237 1481 tamquam
1268 1439 1363 1468 rem
1395 1423 1587 1467 omnium
1616 1423 1804 1467 maxime
1835 1423 2133 1468 necessariam

385 1488 612 1553 ‘significat
655 1497 720 1539 ‘tu
749 1495 954 1538 mortuus
988 1509 1058 1548 es,
1104 1509 1212 1551 ergo
1245 1494 1452 1551 quoniam
1495 1509 1576 1551 ego
1620 1496 1667 1538 te
1709 1493 1918 1552 sepelivi,
1963 1493 2132 1536 morior

388 1567 435 1609 et
477 1566 601 1623 ipsa’.
674 1564 752 1608 sed
795 1563 864 1608 rei
903 1564 1220 1608 necessitatem
1260 1579 1387 1608 nemo
1430 1564 1518 1608 nisi
1560 1578 1648 1608 una
1704 1579 1833 1608 soror
1874 1565 2134 1622 perceptam

386 1636 534 1691 habet,
569 1634 732 1680 civium
763 1634 924 1678 chorus
954 1634 1157 1691 pulcram
1200 1634 1378 1691 quidem
1410 1636 1456 1678 et
1487 1634 1758 1678 laudabilem
1787 1634 2005 1692 pietatem
2035 1648 2133 1677 esse

385 1706 599 1760 concedit,
634 1704 712 1749 sed
742 1704 869 1748 nefas
901 1703 1072 1748 iudicat
1103 1704 1224 1761 regis
1256 1704 1390 1748 iussis
1423 1704 1679 1749 adversari:

595 1793 744 1849 σέβειν
774 1793 856 1850 μὲν
888 1793 1091 1849 εὐσέβειά
1121 1811 1205 1845 τις·
1240 1794 1399 1850 κράτος
1430 1794 1468 1837 δ’
1503 1795 1606 1838 ὅτωι
1637 1795 1797 1851 κράτος
1826 1793 1948 1849 μέλει

651 1865 908 1920 παραβατὸν
940 1863 1131 1919 οὐδαμᾶι
1162 1863 1304 1907 πέλει·
1337 1862 1386 1906 σὲ
1417 1864 1454 1906 δ’
1489 1864 1767 1919 αὐτόγνωτος
1794 1863 1918 1906 ὤλεσ’
1952 1862 2075 1919 ὀργά.

385 1959 453 2003 ita
485 1973 590 2003 sane
625 1959 719 2002 est:
763 1957 986 2015 gentilicii
1025 1957 1137 2001 iuris
1170 1958 1261 2002 vim
1293 1960 1339 2001 et
1378 1959 1516 2002 robur
1558 1972 1685 2002 nemo
1722 1958 1876 2015 potest
1907 1959 2031 2000 recte
2062 1971 2132 2001 ae-

387 2029 573 2073 stimare
604 2028 692 2072 nisi
723 2028 800 2085 qui
831 2027 1027 2071 eiusdem
1057 2027 1206 2084 gentis
1239 2030 1321 2082 est,
1369 2031 1615 2085 propterea
1635 2029 1690 2071 ab
1722 2027 1874 2071 amicis
1906 2027 2134 2070 desertam

385 2098 589 2155 omnique
637 2096 1022 2140 commiseratione
1068 2097 1336 2141 destitutam
1384 2112 1431 2141 se
1477 2097 1684 2154 queritur
1730 2096 1975 2152 Antigona.
2055 2095 2133 2139 sed

385 2165 542 2212 Verum
585 2167 700 2210 illud
743 2182 917 2224 quoque
961 2169 1055 2211 est:
1099 2182 1188 2210 non
1229 2166 1371 2211 solum
1417 2182 1500 2224 pro
1542 2167 1691 2211 fratre
1733 2165 1956 2224 pugnavit
2002 2179 2133 2209 soror

384 2253 542 2282 verum
574 2237 711 2281 etiam
737 2239 897 2280 contra
915 2237 1166 2292 Creontem,
1199 2237 1421 2280 hominem
1451 2237 1666 2281 infestum
1697 2236 1782 2280 sibi
1813 2251 1943 2293 quem
1974 2235 2132 2289 credit,

384 2307 589 2361 invisum,
623 2306 847 2350 immerito
879 2321 1032 2363 regem
1064 2308 1110 2350 et
1135 2306 1371 2361 dominum,
1404 2309 1652 2363 tyrannum
1681 2305 1882 2362 iniquum
1911 2304 2134 2363 pugnavit

386 2377 545 2434 Oedipi
576 2377 671 2420 filia
701 2376 773 2420 ira
802 2379 848 2420 et
880 2376 980 2419 odio
1012 2376 1244 2420 immodico
1268 2376 1459 2420 incensa.
1507 2376 1605 2420 iure
1628 2375 1772 2433 igitur
1794 2375 2085 2437 vituperatur
2106 2388 2134 2418 a

384 2447 519 2490 choro
550 2447 736 2504 iureque
767 2446 881 2490 nihil
911 2446 969 2490 ad
1011 2446 1120 2491 haec
1155 2446 1399 2505 respondet
1429 2446 1664 2503 Antigona
1677 2445 1723 2502 1).
1785 2444 1996 2502 repetitis
2028 2459 2131 2502 que-

485 2625 520 2670 l)
546 2624 655 2669 epodi
681 2625 777 2660 ratio
804 2625 959 2661 metrica
994 2636 1065 2661 non
1106 2630 1205 2660 recte
1240 2625 1428 2660 aestimari
1454 2625 1558 2660 solet.
1609 2624 1783 2659 carminis
1809 2623 1989 2668 tripertiti
2015 2622 2135 2658 media

387 2696 474 2730 pars
501 2684 683 2730 dactylica
709 2690 776 2727 est,
807 2685 989 2729 utrimque
1015 2685 1179 2729 singulae
1204 2684 1347 2728 periodi
1374 2685 1551 2720 iambicae
1575 2685 1747 2728 supparis
1765 2683 1842 2718 fere
1860 2683 2130 2727 amplitudinis:

594 2754 618 2779 a
667 2742 863 2789 ἄκλαυτος,
889 2743 1035 2789 ἄφιλος,
1061 2741 1288 2789 ἀνυμέναιος
1314 2744 1533 2789 ταλαίφρων
1559 2742 1699 2789 ἄγομαι

760 2802 871 2839 τάνδ’
901 2800 1055 2849 ἕτοίμαν
1081 2802 1192 2839 ὁδόν·

595 2864 615 2899 b
665 2861 790 2899 οὐκέτι
815 2876 878 2909 μοι
903 2862 991 2899 τόδε
1016 2861 1213 2908 λαμπάδος
1240 2861 1342 2908 ἱερὸν
1368 2862 1468 2909 ὄμμα

593 2934 611 2958 c
665 2922 776 2968 θέμις
800 2922 896 2968 ὁρᾶν
921 2923 1114 2958 ταλαίναι·
1141 2922 1207 2958 τὸν
1234 2922 1272 2958 δ’
1303 2919 1392 2968 ἐμὸν
1417 2921 1562 2969 πότμον
1587 2920 1804 2967 ἀδάκρυτον
1830 2920 1892 2956 οὐ-

764 2982 841 3023 δεὶς
867 2983 986 3028 φίλων
1011 2981 1187 3025 στενάζει.

385 3043 480 3080 falsa
507 3043 623 3088 igitur
650 3047 707 3078 est
732 3053 826 3088 quae
852 3043 1021 3088 speciosa
1044 3042 1236 3078 videbatur
1260 3042 1402 3078 Reiskii
1439 3043 1651 3078 coniectura
1684 3039 1799 3076 τάνδε
1824 3038 2002 3085 πυμάταν
2028 3037 2132 3075 ὁδόν.

387 3104 522 3138 dicitur
561 3108 682 3138 autem
715 3098 843 3148 ἑτοίμα
864 3100 969 3143 ὁδός
1008 3103 1067 3138 via
1104 3107 1237 3147 parata
1273 3113 1316 3138 ac
1353 3109 1472 3144 certa,
1510 3113 1532 3138 a
1567 3112 1638 3147 qua
1673 3100 1772 3136 flecti
1808 3101 1880 3135 iam
1905 3110 1978 3135 non
2004 3101 2132 3145 possit.

390 3164 541 3199 alterius
569 3162 712 3207 periodi
740 3163 918 3197 iambicae
944 3162 993 3208 (c)
1021 3163 1111 3197 haec
1137 3167 1193 3197 est
1218 3161 1359 3198 forma:

576 3221 1545 3270 υυυ-ιυ--Ι-υ-Ι--υυ-Ι-υ-
1569 3222 1575 3270 Ι
1599 3234 1737 3254 -υ-
1763 3223 1931 3267 [κα--
