2280 3574
1095 206 1379 251 „22-

366 322 584 368 ctoritate
615 323 785 368 factum
816 325 886 368 est
916 324 969 369 ut
1000 322 1156 380 agnito
1182 323 1424 369 affinitatis
1456 323 1555 368 iure
1576 322 1696 381 (174)
1716 323 1903 369 Creonti
1923 340 2110 382 regnum

369 394 659 439 traderetur:
693 394 833 439 fuisse
854 394 987 451 fingit
1007 396 1143 452 poeta
1164 394 1241 452 qui
1262 395 1630 447 adversarentur,
1662 393 1709 437 in
1730 394 1888 452 quibus
1909 395 2110 450 maxime,

367 466 420 508 ut
464 465 571 509 licet
618 465 857 523 suspicari,
901 464 1190 521 Antigonam.
1253 465 1425 523 accepti
1464 463 1666 508 beneficii
1704 464 1951 509 mercedem
1981 467 2111 510 vates

368 535 482 579 hanc
514 535 657 592 exigit
687 538 739 578 ut
769 536 931 592 pareat
954 534 1038 578 sibi
1060 534 1174 579 Creo
1196 534 1328 592 (992),
1362 535 1438 592 qui
1469 549 1565 577 cum
1597 533 1794 578 officiose
1825 534 2112 592 responderit

369 606 536 649 οὔκουν
566 606 707 660 πάρος
735 622 785 660 γε
817 611 896 661 σῆς
921 605 1197 648 ἀπεστάτουν
1224 607 1401 661 φρενός,
1431 604 1590 648 laudat
1611 603 1689 648 ille
1709 604 1831 661 regis
1854 604 2111 662 obsequium

364 676 518 731 τοιγὰρ
551 676 607 718 δι’
641 676 783 730 ὀρθῆς
813 676 946 730 τήνδε
976 678 1241 730 ναυκληρεῖς
1272 677 1404 718 πόλιν
1436 673 1627 730 (994)1),
1671 673 1797 718 Creov
1826 676 1977 719 autem
2006 689 2109 732 gra-

365 747 462 789 tum
484 761 530 789 se
551 745 796 803 profitetur
828 747 911 802 ἔχω
943 746 1183 795 πεπονθὼς
1212 752 1454 801 μαρτυρεῖν
1486 745 1689 799 ὀνήσιμα.
1736 744 1944 801 graviter
1965 744 2109 802 igitur

365 815 559 873 imperat
590 817 743 869 vates,
789 815 1022 858 humiliter
1065 816 1199 872 paret
1230 830 1332 868 rex,
1381 829 1518 871 eoque
1560 813 1739 870 aegrius
1773 813 1972 858 Tiresias
2015 814 2111 858 fert

366 900 482 928 nunc
512 885 704 943 primum
735 885 1033 929 rebellantem
1064 884 1303 928 Creontem
1335 899 1474 941 eoque
1505 883 1637 927 citius
1671 883 1785 927 Creo
1825 884 2111 941 imperiosum

366 955 569 999 Tiresiae
619 956 772 1012 iugum
811 956 1022 999 excutere
1063 954 1229 998 studet.
1300 954 1378 998 vix
1430 953 1611 997 dubium
1661 969 1758 997 esse
1805 956 1960 1011 potest
2004 953 2112 1011 quin

369 1025 609 1069 Creontem
638 1025 953 1069 Thebanorum
983 1039 1136 1081 regem
1168 1024 1474 1081 Tiresiamque
1503 1023 1712 1068 Creontis
1743 1024 1969 1067 fautorem
1998 1023 2111 1068 Lab-

368 1095 537 1139 dacidis
564 1095 763 1139 inimicos
786 1095 883 1153 ipse
906 1095 1146 1152 Sophocles
1170 1094 1227 1138 ad
1247 1094 1428 1138 fabulae
1451 1109 1556 1137 suae
1577 1093 1894 1137 necessitatem
1913 1093 2109 1147 finxerit,

371 1164 448 1208 sed
492 1165 624 1208 finxit
666 1164 981 1222 probabiliter.
1044 1179 1231 1208 aversus
1272 1164 1387 1208 enim
1427 1163 1619 1207 debebat
1657 1162 1777 1207 vatis
1810 1163 1981 1207 animus
2014 1178 2111 1207 esse

369 1250 396 1278 a
426 1235 510 1279 Lai
542 1235 788 1292 Oedipique
818 1235 1018 1292 flagitiis,
1051 1249 1140 1277 non
1169 1236 1385 1292 potuerat
1413 1233 1572 1277 Laium
1603 1232 1850 1290 Chrysippi
1880 1235 2112 1291 raptorem

368 1320 395 1349 a
425 1304 569 1349 foedis
600 1320 843 1363 puerorum
874 1304 1099 1348 amoribus
1139 1304 1196 1348 ad
1237 1306 1437 1348 sanctam
1467 1302 1650 1346 Iunonis
1690 1302 1954 1359 religionem
1983 1317 2112 1347 revo-

372 1390 497 1429 care,
541 1390 630 1418 non
659 1377 874 1432 potuerat
903 1375 987 1418 Lai
1029 1374 1219 1428 caedem,
1264 1374 1423 1431 Oedipi
1465 1373 1694 1426 incestum,
1735 1372 1935 1417 Eteoclis
1976 1373 2113 1430 Poly-

370 1445 569 1502 nicisque
600 1445 831 1489 fraternas
863 1444 1111 1488 discordias
1142 1443 1405 1502 prohibere:
1451 1443 1641 1486 debebat
1685 1442 1934 1486 scelerosae
1963 1443 2114 1500 gentis

371 1514 607 1558 interitum
638 1529 800 1572 cupere
832 1516 879 1558 et
909 1529 1071 1558 novam
1101 1529 1258 1570 regum
1290 1513 1478 1570 stirpem
1501 1511 1759 1555 desiderare
1779 1512 1908 1554 homo
1930 1512 2115 1556 deorum

369 1584 544 1641 legibus
586 1584 820 1628 servandis
861 1584 1080 1628 addictus.
1155 1583 1292 1628 etiam
1337 1583 1384 1625 in
1416 1582 1584 1639 Oedipo
1615 1582 1741 1638 Rege
1786 1582 1941 1625 fabula
1978 1584 2115 1640 poeta

370 1654 669 1712 suspicantem
710 1655 822 1698 facit
863 1654 1100 1711 Oedipum,
1144 1653 1343 1697 Tiresias
1385 1667 1482 1695 cum
1523 1651 1717 1696 Creonte
1758 1651 2016 1696 coniuratus
2058 1667 2114 1696 ne

371 1724 456 1767 sibi
487 1739 674 1780 regnum
704 1724 919 1778 invideat,
961 1726 1014 1767 ut
1045 1724 1112 1767 ait
1143 1723 1241 1768 vati
1285 1722 1432 1766 iratus
1466 1721 1608 1778 (399):
1655 1721 1708 1764 ὃν
1750 1722 1805 1776 δὴ
1847 1723 1904 1764 σὺ
1943 1727 2116 1778 πειρᾶις

367 1793 585 1849 ἐκβαλεῖν,
620 1795 767 1837 δοκῶν
797 1796 986 1850 θρόνοις
1016 1795 1369 1849 παραστατήσειν
1390 1800 1484 1842 τοῖς
1505 1793 1789 1847 Κρεοντείοις
1820 1790 1967 1842 πέλας.
2013 1791 2113 1835 hac-

370 1865 560 1921 propter
593 1863 792 1907 Tiresias
831 1878 920 1906 non
949 1863 1184 1919 Antigona
1224 1862 1347 1919 cupit
1386 1864 1439 1905 ut
1480 1861 1607 1905 salva
1647 1860 1708 1904 sit
1749 1860 1929 1904 scelesti
1967 1861 2114 1918 patris

369 1933 484 1987 filia,
534 1932 612 1977 sed
644 1933 758 1977 Creo
800 1949 856 1977 ne
895 1936 941 1976 et
983 1933 1079 1990 ipse
1112 1932 1354 1976 sceleribus
1385 1931 1657 1988 inquinetur.
1720 1933 1770 1974 at
1800 1932 1952 1974 tamen
1982 1929 2115 1974 Anti-

371 2018 490 2060 gona
521 2004 560 2047 si
590 2003 713 2047 aliud
742 2002 856 2046 nihil
884 2003 1106 2046 voluisset
1146 2002 1234 2045 nisi
1276 2004 1328 2045 ut
1370 2001 1555 2045 deorum
1593 2001 1694 2044 iura
1726 2000 1820 2044 sive
1852 2015 2116 2057 superorum

373 2073 468 2117 sive
499 2073 748 2117 inferorum
786 2072 1007 2116 inviolata
1049 2074 1304 2125 manerent,
1350 2071 1550 2114 Tiresias
1592 2085 1697 2114 sane
1736 2070 2017 2127 patrocinari
2046 2069 2116 2113 illi

373 2143 585 2197 debebat,
631 2145 678 2187 et
718 2143 786 2186 ita
826 2142 1003 2199 quidem
1042 2144 1094 2185 ut
1124 2142 1307 2185 deorum
1338 2141 1503 2185 vindex
1533 2140 1665 2196 virgo
1696 2139 1865 2183 iniusto
1899 2139 2115 2197 supplicio

377 2213 666 2256 liberaretur.
739 2212 817 2256 sed
856 2211 1134 2268 Antigonam
1179 2213 1338 2254 contra
1382 2226 1477 2254 rem
1521 2209 1743 2267 publicam
1788 2209 2002 2261 rebellem
2047 2209 2117 2253 ius

378 2284 480 2326 erat
521 2282 660 2326 occidi
698 2296 840 2339 neque
883 2281 1116 2338 quisquam
1153 2279 1498 2324 Atheniensium
1542 2278 1709 2322 iniuste
1748 2279 1917 2322 factum
1961 2293 2116 2336 expro-

374 2353 510 2396 brare
540 2354 737 2410 poterat.
1970 2392 1980 2406 ,Ι

491 2422 569 2466 sed
605 2424 651 2466 et
682 2421 920 2464 iucundum
960 2420 1050 2464 erit
1094 2422 1141 2463 et
1182 2419 1295 2463 utile
1335 2419 1418 2461 hoc
1456 2418 1746 2476 perpendere,
1791 2417 2008 2475 quomodo
2039 2417 2117 2461 So-

375 2492 555 2550 phocles
598 2492 819 2536 traditam
860 2490 1059 2535 fabulam
1098 2490 1165 2533 ita
1205 2488 1557 2532 conformaverit
1600 2491 1652 2531 ut
1690 2487 1929 2544 tragoedia
1972 2487 2116 2531 fieret.

376 2562 498 2605 victo
543 2562 761 2620 pulsoque
792 2561 1071 2618 Argivorum
1111 2559 1313 2603 exercitu
1343 2560 1474 2602 vetus
1513 2558 1634 2601 fama
1665 2557 1755 2600 fuit
1787 2557 2020 2600 Thebanos
2052 2556 2117 2600 vi·

379 2634 526 2676 ctores
558 2631 756 2675 hostium
787 2645 979 2688 corpora
1017 2630 1176 2673 funere
1215 2628 1459 2672 interdicto
1506 2627 1686 2671 canibus
1719 2626 1963 2683 avibusque
2003 2625 2116 2670 inse-

376 2701 507 2760 pulta
536 2701 799 2759 proiecisse,
845 2700 963 2758 quod
1001 2699 1198 2756 antiquis
1238 2698 1515 2756 temporibus
1558 2697 1685 2741 nefas
1724 2711 1813 2740 non
1852 2697 1997 2741 visum
2028 2696 2117 2754 epi-

378 2786 530 2815 corum
571 2773 807 2829 poetarum
849 2770 936 2813 fide
976 2771 1224 2813 constabat.
1286 2769 1333 2812 in
1374 2769 1653 2812 mansuetum
1695 2769 1854 2825 postea
1899 2766 2118 2823 religione

474 2974 509 3019 1)
534 2973 570 3008 h.
597 2983 629 3008 e.
656 2974 867 3018 ‘propterea
894 2972 989 3017 quod
1015 2973 1101 3007 mihi
1128 2983 1271 3017 semper
1301 2971 1497 3007 oboediens
1523 2969 1638 3014 fuisti,
1664 2979 1759 3005 nunc
1785 2979 1929 3014 regnas,
1955 2980 2027 3006 non
2054 2980 2121 3015 per

373 3033 545 3078 ambages
573 3033 635 3068 sed
664 3038 766 3068 recta
793 3033 852 3068 via
879 3032 924 3067 ad
951 3032 1005 3068 rei
1030 3032 1199 3076 publicae
1224 3031 1471 3076 gubernacula.
1495 3033 1653 3072 evectus,
1686 3029 1788 3063 nulla
1814 3028 2032 3065 difficultate
2057 3030 2121 3064 im-

374 3093 548 3139 peditus'.
608 3103 679 3128 non
719 3092 823 3127 video
850 3091 1085 3126 Valckenarii
1122 3092 1332 3127 coniectura
1369 3087 1480 3133 τήνδ’
1521 3085 1762 3132 ἐναυκλήρεις
1791 3086 1903 3123 πόλιν
1941 3089 2120 3133 quomodo

373 3153 525 3198 probari
552 3153 681 3197 possit.
737 3157 896 3186 ceterum
925 3151 1081 3195 imagine
1108 3151 1231 3186 cadem
1262 3161 1349 3186 usus
1378 3149 1578 3196 Aeschylus
1616 3148 1760 3184 dixerat
1786 3147 1886 3194 Sept.
1913 3149 1979 3184 651
2008 3148 2054 3183 σὺ
2079 3147 2117 3184 δ’

378 3212 492 3253 αὐτὸς
516 3214 638 3258 γνῶθι
668 3213 893 3256 ναυκληρεῖν
918 3207 1040 3246 πόλιν.
