2280 3574
916 212 1201 258 ..23-

187 337 362 379 mutata
392 332 558 391 tragici
587 335 639 377 ut
671 332 762 377 alia
791 331 936 374 multa
964 331 1225 374 abiecerunt
1255 329 1323 373 ita
1350 343 1404 372 ne
1426 328 1539 372 hanc
1558 328 1735 386 quidem
1756 344 1928 373 morum

188 405 478 449 atrocitatem
508 404 789 456 servassent,
830 400 918 444 nisi
956 402 1270 457 argumentum
1307 413 1491 443 scaenae
1522 399 1804 456 aptissimum
1833 399 1930 456 peti

187 474 290 518 inde
319 488 451 532 posse
481 473 716 517 vidissent.
767 470 1121 529 propinquitatis
1154 469 1333 514 vincula
1364 483 1462 512 cum
1490 484 1546 512 ne
1575 471 1722 512 morte
1753 468 1930 525 quidem

190 543 338 587 laxari
376 542 613 587 crederent
652 539 839 594 Graeci,
898 539 1110 596 religioni
1151 539 1376 582 habebant
1422 553 1478 582 ne
1520 553 1702 582 suorum
1740 552 1931 595 corpora

191 612 314 656 iusta
353 611 589 669 sepultura
629 610 892 667 inferiisque
932 608 1096 652 debitis
1153 608 1470 666 privarentur:
1524 607 1717 664 gentiles
1764 607 1803 651 si
1842 621 1931 650 non

191 683 459 739 supererant
490 681 585 725 sive
606 683 788 724 mortuo
819 693 909 722 non
938 678 1141 733 aderant,
1175 678 1255 722 alii
1286 677 1470 721 cuilibet
1499 677 1781 720 incumbebat
1810 668 1932 734 pimn

191 751 435 809 sepeliendi
457 751 663 794 officium.
713 749 895 808 sepeliri
926 749 965 793 si
995 748 1094 806 quis
1126 749 1326 802 vetabat,
1358 747 1447 791 nisi
1476 747 1549 791 dei
1578 747 1930 800 intercedebant,

193 820 261 865 vis
292 821 425 865 illata
464 821 511 865 vi
550 820 731 865 defendi
773 820 969 878 poterat.
1042 819 1097 862 ab
1127 818 1331 861 Adrasto
1372 819 1561 874 rogatus
1603 817 1801 861 Theseus
1843 817 1931 859 Eu-

192 890 390 948 ripideus
423 905 614 949 corpora
646 891 957 934 Thebanorum
997 888 1142 932 edicto
1186 887 1422 945 sepultura
1451 886 1682 944 prohibita
1711 887 1831 930 bello
1861 901 1932 930 ar-

192 960 363 1017 misque
403 961 592 1018 repetiit
635 963 682 1004 et
726 959 930 1017 sepulcro
971 958 1200 1001 condenda
1238 957 1483 1014 gentilibus
1523 956 1728 1000 tradidit.
1798 956 1932 1013 impe-

192 1029 332 1073 ditior
364 1033 465 1073 erat
495 1030 755 1086 Antigonae
786 1043 930 1072 causa.
992 1028 1091 1085 ipsa
1122 1027 1238 1071 enim
1277 1041 1374 1069 cum
1406 1026 1570 1070 Thebis
1602 1026 1789 1083 degeret
1820 1026 1932 1069 The·

192 1100 407 1142 banorum
438 1099 612 1156 legibus
645 1099 917 1155 Creontique
956 1112 1072 1142 novo
1120 1097 1219 1153 regi
1250 1096 1472 1150 subiecta,
1513 1096 1753 1152 Polynices
1784 1096 1932 1139 frater

191 1171 349 1213 contra
390 1169 587 1227 patriam
631 1183 834 1226 pugnans
882 1167 1120 1212 ceciderat.
1182 1167 1356 1210 hostem
1400 1166 1579 1223 patriae
1623 1166 1738 1210 Creo
1785 1165 1935 1210 victor

193 1238 337 1283 edicto
368 1239 545 1296 publico
579 1238 762 1296 sepeliri
790 1239 1026 1291 vetuerat,
1071 1251 1157 1294 quo
1201 1238 1253 1279 ut
1293 1235 1457 1292 reliqui
1500 1250 1648 1279 omnes
1691 1235 1759 1279 ita
1797 1235 1934 1279 etiam

192 1323 320 1352 soror
350 1309 614 1364 tenebatur,
646 1309 840 1352 fratrem
870 1322 980 1352 vero
1014 1322 1111 1350 omn
1142 1306 1416 1364 insepultum
1445 1305 1592 1349 iacere
1622 1305 1778 1360 nollet,
1810 1305 1932 1361 regis

191 1378 479 1436 civitatisque
532 1379 720 1436 imperio
776 1378 1020 1422 adversata
1074 1376 1299 1434 publicum
1352 1375 1420 1419 ius
1480 1390 1612 1432 quam
1655 1375 1934 1432 gentilicium

192 1447 356 1492 violari
385 1449 556 1492 maluit.
621 1449 732 1492 scite
763 1450 914 1492 autem
944 1447 1185 1505 Sophocles
1217 1461 1306 1489 non
1337 1446 1455 1490 cives
1487 1445 1735 1499 universos,
1778 1447 1830 1488 ut
1862 1447 1933 1488 est

193 1517 311 1575 apud
325 1518 603 1575 Aeschylum
625 1518 765 1576 (Sept.
786 1518 897 1562 1006
930 1519 1150 1562 δοκοῦντα
1182 1516 1328 1572 δήμου
1357 1516 1658 1572 προβούλοις),
1692 1514 1770 1559 sed
1799 1530 1934 1557 unum

194 1587 412 1631 hominem
443 1588 582 1632 edicti
612 1591 843 1632 auctorem
872 1587 993 1631 fecit.
1054 1602 1207 1643 regem
1236 1586 1393 1642 igitur-
1410 1585 1542 1628 finxit
1571 1600 1660 1628 non
1690 1601 1745 1628 ex
1775 1584 1935 1641 Oedipi

193 1657 408 1715 sanguine
440 1661 590 1702 ortum
632 1658 775 1715 (vides
808 1672 885 1700 cur
917 1657 1222 1701 Laodamante
1253 1655 1327 1699 vel
1359 1655 1647 1699 Thersandro
1686 1655 1770 1698 hac
1806 1654 1854 1697 in
1884 1669 1934 1697 re

192 1727 263 1770 uti
282 1742 371 1770 non
391 1728 628 1785 potuerit),
659 1743 748 1771 non
770 1727 1142 1784 consanguineum
1158 1725 1417 1782 Antigonae
1439 1725 1518 1769 sed
1537 1725 1697 1769 matris
1719 1726 1932 1779 fratrem,

198 1797 299 1840 huic
329 1798 490 1854 Oedipi
528 1797 634 1841 filiis
676 1798 771 1841 sine
809 1797 937 1855 prole
967 1796 1157 1840 mortuis
1201 1795 1442 1839 affinitatis
1482 1795 1581 1838 iure
1617 1810 1804 1851 regnum
1836 1809 1935 1838 eve-

192 1866 315 1910 ·nisse
346 1867 489 1911 finxit.
552 1868 761 1911 Creontis
799 1866 991 1911 arbitrio
1023 1866 1320 1910 constitutum
1358 1865 1501 1908 minus
1549 1865 1804 1908 offendebat
1846 1864 1935 1908 edi-

194 1938 314 1980 ctum
352 1951 380 1981 a
420 1937 625 1981 cultioris
664 1937 830 1981 saeculi
869 1936 1047 1993 ingenio
1089 1935 1294 1979 alienum.
1356 1935 1477 1978 inter
1510 1935 1750 1978 Creontem
1792 1934 1935 1991 igitur

196 2005 308 2050 iuris
338 2007 506 2064 publici
536 2007 756 2051 vindicem
787 2010 834 2051 et
863 2006 1141 2063 Antigonam
1186 2005 1298 2049 iuris
1337 2004 1559 2062 gentilicii
1589 2007 1828 2062 patronam
1857 2020 1934 2062 pu-

195 2078 376 2132 gnatur,
394 2091 482 2133 qua
508 2092 563 2121 ex
577 2093 728 2135 pugna
745 2079 1089 2121 consentaneum
1111 2078 1181 2119 est
1197 2075 1473 2132 Antigonam
1495 2075 1662 2119 victam
1682 2075 1932 2118 discedere:

195 2145 392 2189 violatae
423 2146 537 2203 legis
568 2147 772 2204 legitima
803 2147 871 2191 rei
901 2146 1105 2204 publicae
1134 2160 1279 2204 poena
1309 2145 1524 2189 solvenda
1551 2147 1664 2188 erat.
1711 2144 1799 2188 iam
1826 2159 1935 2188 vero

195 2217 246 2258 ut
277 2216 399 2259 credi
428 2219 583 2274 posset
613 2217 848 2274 Antigona
877 2217 1008 2273 virgo
1041 2215 1159 2259 omni
1189 2215 1430 2258 amicorum
1459 2214 1685 2272 praesidio
1711 2214 1936 2258 destituta

193 2298 290 2327 cum
320 2285 515 2329 Creonte
546 2302 653 2343 rege
683 2287 731 2330 in
761 2289 987 2330 certamen
1017 2285 1311 2339 descendisse,
1344 2285 1426 2327 hoc
1456 2286 1617 2341 poetae
1648 2298 1723 2328 ars
1756 2285 1935 2328 efficere

192 2354 395 2398 debebat.
445 2356 577 2399 finxit
597 2357 740 2413 igitur
763 2356 985 2413 virginem
1009 2355 1231 2413 singulari
1261 2355 1452 2412 quadam
1483 2354 1619 2397 animi
1649 2354 1933 2409 fortitudine,

192 2423 351 2467 duram
380 2426 667 2482 pertinacem,
707 2426 765 2470 ad
794 2426 1080 2471 insolentiam
1109 2440 1250 2483 paene
1282 2426 1531 2482 superbam,
1575 2424 1748 2468 alienae
1778 2424 1933 2469 volun-

194 2493 306 2538 tatis
323 2494 618 2551 fastidiosam,
636 2496 757 2540 flecti
778 2511 830 2541 ac
850 2496 1008 2540 cedere
1027 2495 1231 2539 nesciam.
1265 2494 1399 2538 virile
1419 2493 1561 2550 magis
1581 2508 1713 2551 quam
1733 2494 1934 2538 mulieris

195 2562 420 2620 ingenium
450 2567 543 2620 est,
589 2568 642 2609 ut
687 2568 839 2610 tamen
881 2566 936 2609 ab
967 2565 1159 2607 humana
1198 2565 1364 2606 natura
1405 2576 1494 2605 non
1524 2562 1715 2607 deficiat.
1777 2563 1936 2620 quodsi

193 2631 297 2676 dum
339 2638 512 2692 pugnat
553 2650 741 2693 poenam
785 2639 1063 2692 mortemque
1108 2636 1392 2677 contemnere
1438 2632 1641 2688 videtur,
1691 2633 1933 2690 gaudemus

195 2702 314 2759 quod
342 2703 390 2747 in
418 2704 515 2763 ipso
546 2706 706 2750 mortis
739 2708 978 2763 conspectu
1021 2706 1068 2748 et
1108 2703 1231 2748 vitae
1273 2702 1440 2759 gaudia
1481 2702 1692 2760 adempta
1726 2703 1934 2760 queritur

196 2774 244 2815 et
287 2773 446 2818 mortis
492 2778 695 2819 terrores
743 2774 1015 2832 expavescit.
1087 2773 1163 2817 ubi
1209 2775 1360 2816 tamen
1405 2772 1535 2816 adest
1566 2772 1694 2827 Cre0,
1741 2775 1935 2831 superba

195 2843 414 2898 proterva
453 2844 701 2902 impavida,
746 2844 870 2889 vitae
909 2843 1060 2888 taedio
1102 2843 1262 2901 plena,
1309 2842 1528 2886 moriendi
1573 2843 1751 2901 cupida,
1798 2844 1935 2900 longa

196 2911 366 2957 scilicet
388 2914 671 2959 miseriarum
693 2915 810 2959 serie
831 2915 1086 2972 defatigata
1107 2916 1154 2957 et
1176 2914 1456 2967 exacerbata,
1490 2927 1538 2957 se
1570 2927 1760 2970 suosque
1783 2928 1932 2957 omnes

194 2980 262 3026 dis
292 2997 381 3026 non
409 2984 552 3028 minus
580 2998 712 3042 quam
743 2984 991 3028 hominibus
1033 2983 1201 3028 invisos
1244 2982 1440 3027 sentiens
1481 2997 1620 3040 eoque
1661 2983 1847 3028 hostilia
1878 2985 1933 3027 ab

196 3052 393 3097 omnibus
435 3057 658 3109 metuens,
705 3054 1062 3099 Labdacidarum
1103 3056 1284 3111 gentem
1327 3054 1374 3096 et
1415 3053 1587 3109 regiam
1629 3053 1818 3110 stirpem
1860 3069 1933 3097 ex-

194 3119 400 3166 haustam
445 3138 580 3181 aegre
623 3125 795 3179 serens,
854 3139 937 3182 pro
985 3124 1222 3181 gentilium
1266 3124 1434 3167 honore
1480 3124 1641 3181 capitis
1686 3124 1934 3181 periculum

195 3191 344 3238 subire
374 3199 538 3251 parata
567 3198 662 3251 est,
703 3195 949 3253 gloriosam
986 3197 1177 3240 mortem
1207 3195 1330 3239 vitae
1361 3209 1450 3237 non
1480 3194 1614 3239 vitali
1650 3196 1928 3253 praeferens.
