2280 3574
1066 213 1357 268 -16-

334 339 543 384 iussisset
575 339 693 397 quod
725 339 815 385 suis
847 340 1093 397 gentilibus
1124 340 1389 384 iniuriosum
1429 340 1727 398 existimaret,
1771 358 1861 387 non
1902 343 2086 388 deorum

333 410 507 466 legibus
541 410 827 468 opitulatura
869 410 946 454 sed
975 409 1335 454 Labdacidarum
1377 410 1568 455 honores
1602 426 1629 455 a
1661 412 1783 470 regis
1814 413 1980 459 novicii
2009 414 2086 458 im—

333 483 443 538 petu
464 480 762 524 vindicatura.
810 480 1002 524 fortiter
1036 482 1082 524 et
1112 480 1311 537 gloriose
1343 495 1390 524 se
1420 481 1581 525 fecisse
1603 481 1784 527 dixerat
1805 483 1924 541 (502)
1947 499 2086 541 eoque

335 551 516 607 aegrius
549 551 644 594 fert
675 551 793 608 quod
826 565 956 594 soror
988 550 1142 594 eodem
1174 550 1389 607 sanguine
1419 553 1530 595 nata
1561 551 1639 595 sed
1659 552 1835 597 virtute
1862 553 2087 611 degenere,

332 620 576 677 gentiliciis
624 636 670 665 se
712 620 872 664 officiis
916 622 1178 677 negaverat.
1240 620 1394 678 itaque
1436 621 1507 665 ira
1549 636 1600 665 ac
1642 625 1901 681 contemptu
1942 623 2084 681 magis

339 690 569 751 magisque
612 690 882 734 incalescens
926 690 1090 747 iniquis
1138 705 1339 734 sororem
1376 691 1656 736 contumeliis
1689 693 1864 748 obruit,
1909 693 2086 738 refutat

335 760 604 818 participem
646 760 860 804 facinoris
892 760 1033 804 nobili
1065 775 1112 804 se
1142 760 1303 804 fraude
1335 761 1644 816 confitentem,
1689 762 1810 807 ridet
1851 777 1941 807 una
1969 763 2085 807 mori

332 830 582 885 volentem,
631 831 799 874 fortem
845 831 1013 874 factam
1060 846 1083 874 e
1128 830 1266 874 debili
1310 831 1525 889 despicit,
1575 831 1891 890 deprecantem
1936 835 1983 877 et
2027 833 2083 877 de

336 900 564 944 Haemone
596 900 907 944 admonentem
944 916 999 944 ne
1030 901 1169 945 verbo
1210 900 1387 958 quidem
1425 901 1640 958 dignatur
1654 901 1699 959 l).
1760 902 1874 945 nihil
1904 903 2081 958 amoris,

334 970 449 1012 nihil
479 970 766 1025 temeritatis,
811 970 983 1013 nullum
1019 970 1066 1014 in
1098 985 1150 1014 ea
1179 970 1305 1027 grati
1335 970 1471 1014 animi
1501 971 1757 1028 vestigium.
1818 986 1901 1030 pro
1933 972 2082 1017 fratre

330 1040 449 1097 quod
491 1040 768 1084 moriendum
813 1056 910 1085 esse
953 1040 1104 1095 videt,
1149 1040 1265 1084 mori
1309 1056 1354 1084 se
1398 1040 1564 1084 dudum
1594 1041 1792 1086 voluisse
1822 1042 2080 1086 contendit:

335 1110 474 1154 omnis
508 1110 601 1154 eius
634 1111 852 1167 cogitatio
883 1111 930 1154 in
960 1113 1107 1155 morte
1137 1110 1340 1168 gloriosa
1371 1111 1588 1169 cupienda
1618 1111 1797 1156 versari
1826 1111 2021 1157 videtur.

448 1181 630 1238 egregie
660 1183 901 1239 postquam
931 1181 986 1225 de
1017 1182 1243 1225 Haemone
1275 1181 1545 1225 mentionem
1574 1181 1728 1226 iniecit
1759 1182 1948 1237 Ismena,
1993 1182 2082 1227 iam

330 1250 475 1308 ipsum
493 1252 766 1295 Haemonem
795 1254 932 1309 poeta
962 1251 1135 1295 inducit
1158 1251 1367 1296 Creontis
1399 1254 1594 1296 mentem
1623 1252 1829 1310 precibus
1863 1256 1909 1296 et
1940 1253 2080 1297 ratio-

330 1321 460 1365 nibus
484 1324 857 1379 expugnaturum.
906 1322 1080 1366 iuvenis
1107 1322 1254 1380 patr-is
1281 1322 1676 1373 reverentissimus
1708 1322 1908 1380 nihilque
1938 1322 2081 1380 magis

329 1391 509 1449 cupiens
542 1406 674 1448 quam
717 1394 769 1435 ut
810 1392 957 1450 patris
1003 1394 1049 1436 et
1092 1407 1281 1449 regnum
1322 1395 1369 1436 et
1400 1391 1651 1436 auctoritas
1693 1394 1786 1436 stet
1817 1392 1957 1450 (701),
2003 1393 2082 1437 sed

331 1461 525 1505 mitioris
558 1477 690 1519 quam
721 1465 854 1520 pater
885 1462 1075 1519 ingenii,
1121 1462 1175 1506 de
1217 1477 1294 1506 suo
1337 1476 1447 1519 erga
1477 1461 1755 1519 Antigonam
1785 1477 1937 1506 amore
1967 1462 2082 1506 nihil

330 1530 545 1588 loquitur,
592 1532 670 1576 sed
702 1547 755 1576 ea
786 1532 884 1590 ipsa
915 1547 1028 1590 quae
1060 1532 1294 1589 Antigona
1324 1532 1506 1576 dixerat
1546 1531 1793 1587 confirmat,
1833 1532 2082 1589 gloriosum

328 1601 520 1658 virginis
565 1602 738 1647 facinus
771 1617 798 1646 a
829 1602 1000 1647 civibus
1044 1602 1243 1646 omnibus
1286 1601 1538 1646 existimari
1569 1602 1706 1658 (695),
1747 1617 1890 1660 neque
1932 1617 2080 1660 quem-

331 1686 463 1728 quam
504 1687 601 1716 esse
645 1672 721 1730 qui
764 1672 1059 1717 arbitrariam
1101 1673 1223 1729 regis
1265 1672 1529 1716 violentiam
1576 1673 1762 1730 probet;
1817 1687 1907 1716 non
1948 1673 2079 1717 unius

331 1741 521 1786 hominis
555 1757 652 1786 esse
684 1742 928 1797 civitatem,
962 1758 1075 1800 quae
1107 1743 1202 1787 sine
1233 1742 1396 1787 civium
1426 1757 1644 1786 consensu
1673 1742 1773 1799 regi
1803 1757 1892 1786 non
1920 1743 2079 1801 possit.

330 1814 377 1855 et
408 1812 517 1856 haec
546 1828 636 1856 non
665 1813 924 1870 Antigonae
955 1813 1097 1870 magis
1141 1812 1296 1870 gratia
1332 1827 1464 1870 quam
1496 1826 1576 1856 sua
1606 1827 1737 1870 quam
1767 1812 1915 1870 patris
1947 1827 2079 1870 quam

330 1882 514 1925 deorum
567 1883 756 1940 denique
805 1883 1056 1927 inferorum
1102 1882 1257 1940 gratia
1299 1881 1479 1926 hortari
1522 1898 1568 1927 se
1611 1882 1721 1926 dicit
1762 1883 1892 1939 (748).
1967 1882 2078 1927 scite

330 1954 481 1995 autem
511 1952 594 1996 hoc
624 1953 804 1997 fabulae
836 1953 932 1997 loco
964 1953 1161 2011 positum
1193 1955 1263 1997 est
1294 1952 1378 1995 filii
1404 1968 1501 1996 cum
1520 1955 1653 2011 patre
1676 1952 1955 2010 colloquium,
1988 1967 2078 1996 non

331 2021 474 2065 solum
504 2025 556 2067 ut
586 2023 816 2080 gradatim
846 2024 968 2081 regis
1000 2023 1253 2082 pertinacia
1282 2023 1475 2081 primum
1506 2024 1561 2067 ab
1586 2023 1686 2081 ipsa
1700 2023 1946 2080 Antigona,
1979 2025 2076 2067 tum

331 2106 359 2135 a
389 2091 482 2135 filio
514 2093 665 2148 unico,
711 2093 900 2152 denique
932 2109 959 2138 a
990 2094 1168 2138 Tiresia
1210 2096 1317 2138 vate
1358 2095 1682 2151 attemptetur,
1731 2092 1810 2138 sed
1850 2092 1987 2138 etiam
2025 2095 2078 2137 ut

333 2161 440 2219 quid
472 2162 533 2207 sit
564 2163 861 2222 intellegatur
894 2179 972 2209 cur
993 2164 1252 2222 Antigonae
1274 2163 1410 2209 animi
1440 2166 1535 2209 tam
1565 2164 1655 2208 cito
1678 2163 1934 2209 ceciderint.
1975 2178 2079 2210 nam

431 2330 465 2374 1)
489 2328 638 2366 fortiter
671 2330 832 2374 Ismena,
872 2330 1043 2375 quoniam
1077 2330 1217 2365 sororis
1256 2329 1331 2364 vita
1370 2329 1511 2375 agitur,
1549 2328 1597 2364 ad
1623 2329 1815 2365 Creontem
1842 2329 1945 2375 (568)
1983 2327 2076 2364 ἀλλὰ

331 2392 494 2434 κτενεῖς,
521 2390 655 2435 inquit,
683 2393 849 2436 νυμφεῖα
874 2394 941 2424 τοῦ
967 2394 1106 2425 σαυτοῦ
1130 2386 1288 2431 τέκνου;
1317 2390 1374 2424 cui
1401 2389 1463 2425 ille
1488 2388 1668 2435 ἀρώσιμοι
1693 2387 1764 2434 ’γὰρ
1790 2385 1959 2435 χάτέρων
1983 2386 2078 2423 εἰσὶν

333 2447 432 2493 γύαι.
484 2454 560 2484 tum
586 2450 727 2486 Ismena
754 2449 821 2495 οὐχ
847 2448 896 2490 ὥς
920 2447 951 2494 γ’
980 2446 1127 2484 ἐκείνωι
1152 2446 1258 2494 τῆιδέ
1281 2447 1309 2484 τ’
1339 2443 1387 2494 ἦν
1411 2446 1637 2494 ἡρμοσμένα,
1676 2454 1713 2484 et
1750 2459 1878 2485 rursus
1902 2449 1967 2485 ille
1992 2448 2080 2484 licet

331 2509 448 2544 minus
475 2509 640 2554 impolite
666 2508 787 2549 κακὰς
813 2507 882 2555 ἐγὼ
909 2513 1094 2555 γυναῖκας
1117 2506 1238 2544 υἷέσιν
1264 2514 1393 2554 στυγῶ.
1443 2509 1515 2544 iam
1542 2519 1628 2545 vero
1655 2519 1750 2554 quae
1776 2513 1950 2544 secuntur
1965 2508 2079 2544 verba.

327 2562 355 2603 ὦ
381 2567 535 2613 φίλταθ’
564 2570 701 2615 Αἵμων,
731 2568 778 2610 ὥς
804 2568 835 2605 0²
864 2568 1035 2615 ἀτιμάζει
1059 2567 1185 2613 πατήρ
1220 2569 1344 2605 invitis
1381 2568 1567 2604 codicibus
1603 2569 1721 2604 solent
1756 2579 1778 2604 a
1810 2567 2078 2604 recentioribus

329 2639 401 2664 non
427 2629 591 2666 Ismenae
617 2630 731 2666 tribui
757 2630 822 2666 sed
839 2631 1057 2675 Antigonae.
1103 2629 1166 2666 sed
1191 2629 1271 2665 fieri
1297 2629 1406 2674 plane
1432 2629 1558 2674 nequit
1575 2633 1616 2664 ut
1633 2628 1819 2672 Antigona
1844 2638 1866 2663 a
1891 2627 2077 2672 nequitiae

329 2689 480 2724 crimine
506 2689 605 2734 apud
632 2690 825 2726 Creontem
852 2700 891 2726 se
917 2689 1101 2733 defendat,
1126 2690 1284 2726 alienum
1310 2689 1379 2725 hoc
1405 2693 1461 2724 est
1486 2699 1510 2724 a
1534 2687 1655 2733 rigida
1679 2688 1757 2724 eius
1783 2687 1967 2733 superbia,
1993 2697 2077 2723 con-

332 2748 480 2793 dignum
506 2760 592 2786 vero
618 2750 783 2786 Ismenae
816 2760 911 2786 nunc
944 2749 1064 2794 ipsum
1101 2753 1190 2785 nata
1227 2748 1464 2790 fortitudine,
1502 2753 1539 2784 et
1576 2748 1703 2793 pulcre
1741 2758 1814 2783 non
1848 2753 1924 2783 tam
1957 2747 2078 2784 sorori

330 2808 502 2844 iniuriam
528 2809 664 2846 factam
690 2810 801 2846 sentit
826 2820 934 2857 quam
959 2809 1140 2846 Haemoni
1165 2809 1284 2845 malae
1309 2809 1460 2854 virginis
1485 2819 1633 2855 sponso.
1681 2807 1835 2853 denique
1860 2817 1946 2843 vero
1970 2807 2079 2843 Anti-

332 2879 449 2913 gonae
476 2869 507 2904 si
533 2870 645 2906 verba
683 2875 823 2916 essent,
860 2870 907 2906 ad
931 2870 1153 2915 Antigonam
1190 2868 1301 2904 verba
1335 2868 1415 2905 fieri
1450 2878 1599 2906 necesse
1636 2872 1717 2904 erat
1751 2877 1845 2913 quae
1879 2866 2077 2912 respondet

333 2929 425 2964 Creo
467 2927 567 2974 ἄγαν
606 2941 647 2974 γε
674 2932 802 2970 λυπεῖς
836 2929 902 2966 καὶ
937 2929 982 2965 σὺ
1007 2928 1072 2965 καὶ
1096 2928 1139 2964 τὸ
1165 2927 1232 2964 σὸν
1257 2926 1371 2974 λέχος.
1422 2929 1518 2975 quod
1543 2927 1740 2964 absurdum
1767 2931 1835 2963 est.
1884 2927 1955 2963 hoc
1980 2927 2074 2963 enim

329 2989 420 3026 dicit
458 2990 624 3026 ‘molesta
664 2990 752 3026 mihi
791 2995 828 3026 et
866 2996 907 3027 tu
945 2995 981 3026 et
1019 2989 1115 3035 quod
1145 2989 1264 3025 iactas
1303 2988 1534 3034 coniugium'.
1580 2987 1623 3022 τὸ
1651 2986 1718 3022 σὸν
1743 2988 1846 3032 λέχος
1871 2986 2007 3023 dictum
2032 2991 2074 3022 ut

330 3046 400 3093 τὴν
427 3046 496 3093 σὴν
522 3047 689 3094 κληδόνα
716 3050 774 3085 El.
804 3052 909 3086 1110.
958 3050 1074 3094 magis
1110 3048 1257 3084 dubium
1295 3049 1459 3084 Ismenae
1495 3047 1639 3083 tribuas
1677 3057 1724 3082 au
1764 3047 1876 3082 choro
1914 3056 1958 3082 ea
1981 3056 2077 3093 quae

331 3113 505 3144 secuntur
529 3103 552 3154 ἦ
579 3107 650 3154 γὰρ
678 3107 864 3154 στερήσεις
888 3110 1000 3155 τῆσδε
1024 3107 1092 3143 τὸν
1117 3112 1257 3143 σαυτοῦ
1282 3106 1417 3153 γόνον;
1454 3107 1618 3144 Ismenae
1651 3117 1781 3143 nomen
1818 3107 1856 3141 in
1889 3105 2077 3142 codicibus

332 3167 571 3214 adscriptum,
598 3170 721 3214 aptius
747 3169 907 3206 fortasse
934 3169 1139 3206 Boeckhius
1166 3168 1277 3204 choro
1304 3167 1415 3213 dedit,
1450 3168 1482 3204 si
1507 3166 1651 3213 quidem
1676 3167 1855 3203 Ismeuam
1881 3165 2074 3212 probabile

332 3233 388 3267 est
413 3228 458 3264 de
483 3229 659 3266 movendo
686 3230 783 3276 regis
810 3230 930 3266 animo
957 3230 1029 3266 iam
1055 3228 1281 3275 desperasse.
