2280 3574
960 223 1252 267 *15-

228 340 342 390 tatis
374 342 585 401 religioni
617 340 928 395 antehabenda
959 339 1113 386 esset?
1172 339 1355 397 planum
1397 338 1480 382 hoc
1509 338 1589 384 fiet
1619 339 1730 397 ipsis
1763 339 1972 385 Creontis

232 414 384 461 verbis
414 414 560 472 (488):

556 495 667 550 αὐτή
697 510 743 537 τε
772 494 827 551 χή
856 493 1070 548 ξύναιμος
1099 491 1182 536 οὐκ
1213 491 1424 544 ἀλύξετον

562 566 707 621 μόρου
737 565 972 607 κακίστου·
1003 561 1078 606 καὶ
1107 563 1192 619 γὰρ
1223 559 1307 606 οὗν
1334 563 1488 617 κείνην
1520 564 1621 604 ἴσον

560 634 823 691 ἐπαιτιῶμαι
851 634 983 677 τοῦδε
1014 635 1256 689 βουλεῦσαι
1286 631 1446 688 τάφου.

559 707 637 748 καί
662 721 738 748 νιν
766 703 923 747 καλεῖτ’
939 717 951 727 ·
981 705 1068 746 ἔσω
1098 704 1181 760 γὰρ
1214 699 1339 746 εἶδον
1370 701 1531 758 ἀρτίως

562 777 800 817 λυσσῶσαν
828 772 968 828 αὐτὴν
999 771 1093 816 οὐδ’
1128 771 1350 827 ἐπήβολον
1381 778 1582 827 φρενῶν·

565 847 690 900 φιλεῖ
717 843 754 886 δ’
789 843 812 886 ὁ
842 843 990 899 θυμὸς
1020 843 1223 898 πρόσθεν
1255 841 1468 898 ἡιρῆσθαι
1498 843 1691 891 κλοπεὺς

569 921 659 957 τῶν
688 912 828 970 μηδὲν
858 913 1008 969 ὀρθῶς
1038 912 1087 955 ἐν
1117 913 1278 955 σκότωι
1306 910 1608 967 τεχνωμένων.

241 1001 364 1046 cuius
395 1002 622 1060 repentini
653 1001 828 1046 consilii
858 1003 984 1045 estne
1014 1000 1098 1044 hoc
1129 999 1241 1044 satis
1273 1013 1432 1043 causae
1458 999 1576 1056 quod
1596 998 1725 1045 modo
1749 1012 1796 1041 se
1817 996 1984 1042 vidisse

241 1073 309 1117 ait
329 1073 552 1117 Ismenam
572 1074 692 1117 domi
712 1074 938 1117 furentem
959 1075 1006 1117 et
1026 1074 1174 1116 mente
1196 1071 1325 1129 quasi
1346 1070 1546 1114 ah‘enata
1559 1069 1580 1112 Ρ
1611 1060 1777 1126 quidni,
1800 1067 1847 1110 id
1867 1066 1986 1124 quod

242 1145 365 1198 erat,
414 1158 616 1187 sororem
661 1143 716 1187 de
759 1142 928 1187 sororis
962 1144 1087 1187 sorte
1118 1141 1360 1186 sollicitam
1400 1156 1497 1185 esse
1527 1137 1856 1195 intellegebat?
1896 1151 1986 1180 non

241 1215 427 1272 poterat
457 1213 512 1258 de
543 1214 722 1257 Ismena
752 1213 927 1257 consilii
968 1212 1088 1257 socia
1130 1211 1371 1269 suspicari,
1415 1210 1504 1255 nisi
1546 1209 1784 1266 utriusque
1815 1206 1985 1252 sororis

239 1283 356 1327 idem
398 1283 594 1332 officium
635 1298 732 1327 esse
775 1282 998 1337 novisset,
1045 1281 1134 1326 nisi
1175 1281 1329 1325 eodem
1372 1295 1483 1337 erga
1514 1295 1561 1324 se
1602 1292 1812 1336 suamque
1842 1277 1988 1333 legem

242 1353 388 1397 am’mo
410 1356 649 1411 utramque
681 1368 778 1397 esse
809 1355 1154 1397 consentaneum
1185 1351 1226 1395 ei
1256 1351 1506 1395 videretur.
1557 1348 1813 1407 gentilicios
1843 1347 1987 1403 igitur

242 1423 447 1478 honores,
481 1438 570 1467 non
594 1423 825 1481 privatum
850 1438 960 1480 erga
989 1424 1184 1466 fratrem
1204 1421 1391 1479 pietatis
1414 1420 1663 1478 exemplum
1684 1420 1739 1463 ab
1755 1417 1989 1474 Antigona

164 1504 174 1514 ’
241 1493 471 1552 praestari
509 1495 649 1551 probe
691 1493 932 1551 intellegit.
994 1493 1124 1537 huius
1167 1494 1318 1536 autem
1359 1490 1499 1534 officii
1542 1490 1771 1548 particeps
1811 1489 1990 1532 Ismena

243 1565 365 1619 erat,
410 1563 507 1621 ipse
537 1578 647 1609 vero
679 1579 761 1608 rex
791 1563 940 1608 aliena
969 1563 1024 1607 de
1065 1565 1202 1620 gente
1243 1564 1377 1606 natus
1417 1575 1560 1618 neque
1591 1560 1728 1604 audet
1758 1557 1991 1615 gentilicia

242 1633 346 1678 iura
373 1633 639 1692 impugnare
669 1649 750 1678 nec
780 1633 901 1691 regis
931 1633 1007 1678 vel
1038 1632 1311 1691 reipublicae
1351 1632 1453 1675 iura
1493 1630 1731 1688 gentilium
1762 1627 1991 1674 voluntati

242 1703 506 1782 posthaberi
548 1704 673 1759 vult,
665 1719 674 1728 ·
721 1704 852 1747 immo
892 1703 1016 1748 laudi
1059 1703 1144 1747 sibi
1175 1702 1330 1757 vertit
1372 1701 1491 1759 quod
1531 1700 1701 1745 sororis
1741 1698 1861 1742 filiae
1902 1712 1991 1740 non

249 1773 392 1830 magis
423 1773 684 1831 parciturus
717 1773 779 1817 sit
810 1787 942 1831 quam
973 1772 1114 1817 cuivis
1146 1771 1226 1816 3111
1255 1772 1357 1829 (486
1390 1773 1437 1814 et
1467 1770 1581 1826 658).
1643 1784 1729 1827 quo
1761 1783 1870 1814 vero
1900 1768 1992 1811 for-

246 1842 340 1887 tius
370 1842 645 1900 reipublicae
676 1843 851 1900 legibus
882 1842 1220 1901 patrocinatur,
1264 1856 1315 1885 eo
1346 1840 1488 1898 magis
1519 1841 1726 1898 pungunt
1757 1852 1870 1896 quae
1900 1837 1992 1880 An-

243 1912 403 1969 tigona
432 1913 678 1972 respondet
709 1913 853 1971 (499).
896 1915 1107 1972 parceret
1136 1911 1311 1966 verbis,
1357 1910 1472 1954 nihil
1514 1910 1630 1954 enim
1674 1908 1823 1953 dicere
1864 1907 1993 1951 illum

246 1997 378 2040 posse
408 1983 527 2041 quod
560 1983 646 2028 sibi
674 1984 878 2042 placeret
919 1998 1063 2041 neque
1107 1998 1203 2027 sese
1233 1981 1304 2025 illi
1334 1981 1453 2027 velle
1482 1980 1674 2039 placere.
1736 1978 1855 2037 quod
1894 1978 1994 2036 ipsa

249 2053 446 2108 fecisset,
487 2053 603 2097 nihil
635 2069 685 2098 eo
716 2054 919 2112 potuisse
951 2069 998 2098 se
1028 2053 1272 2111 gloriosius
1303 2053 1475 2107 facere,
1519 2053 1566 2095 et
1607 2050 1794 2108 probari
1823 2049 1907 2092 hoc
1937 2048 1993 2091 ci-

249 2122 378 2168 vibus
413 2124 639 2180 omnibus,
685 2124 863 2169 etiamsi
906 2126 1030 2169 metu
1071 2123 1327 2182 praepediti
1356 2124 1574 2166 tacerent.
1636 2136 1725 2165 non
1755 2119 1865 2165 civis
1898 2133 1995 2162 cum

248 2208 357 2250 rege
387 2194 569 2252 litigat,
615 2195 693 2240 sed
735 2195 857 2252 regis
900 2194 995 2239 filia
1037 2209 1135 2238 cum
1176 2197 1397 2251 tyrannO,
1444 2195 1490 2236 et
1529 2192 1688 2236 acerbe
1718 2190 1847 2235 addit
1878 2189 1996 2247 quod

250 2265 411 2309 acerbe
450 2266 620 2309 dictum
650 2281 739 2310 non
770 2267 1008 2310 senserunt
1039 2265 1341 2323 interpretes,
1384 2265 1566 2308 beatum
1608 2277 1706 2306 esse
1748 2264 1995 2318 tyrannum

247 2340 345 2378 c'um
375 2338 566 2394 propter
597 2335 690 2380 alia
719 2336 864 2380 multa
892 2338 990 2380 tum
1019 2335 1138 2393 quod
1167 2335 1304 2379 liceat
1336 2334 1377 2378 ei
1407 2332 1617 2391 quicquid
1640 2331 1756 2377 velit
1777 2334 1824 2375 et
1844 2332 1995 2375 facere

250 2407 298 2448 et
327 2404 463 2463 loqui.
512 2405 718 2450 funditus
750 2405 819 2450 his
851 2406 1002 2452 verbis
1025 2405 1235 2450 Creontis
1257 2419 1446 2462 regnum
1466 2402 1698 2447 damnavit
1718 2417 1808 2446 non
1833 2401 1996 2446 civium

249 2489 466 2520 consensu
510 2476 731 2520 munitum
777 2476 856 2521 sed
899 2476 1040 2535 ipsius
1087 2475 1280 2520 arbitrio
1327 2474 1636 2519 constitutum.
1712 2487 1802 2516 non
1842 2474 1996 2530 potest

250 2545 366 2589 Creo
395 2545 484 2590 nisi
514 2545 661 2591 victus
693 2562 749 2591 ex
779 2547 862 2590 hac
890 2547 975 2591 lite
1005 2546 1244 2600 decedere,
1292 2545 1369 2603 qui
1398 2544 1577 2588 ratione
1607 2544 1811 2588 defectus
1842 2542 1994 2588 verbis

250 2615 376 2660 duris
408 2618 455 2660 et
486 2617 819 2662 contumeliosis
841 2617 1061 2672 abundat;
1094 2618 1333 2673 utramque
1364 2615 1481 2659 enim
1511 2629 1713 2659 sororem
1742 2614 1862 2672 petit
1892 2613 1997 2657 dum

249 2685 472 2731 Ismenam
500 2687 569 2732 his
602 2687 753 2732 verbis
784 2687 990 2745 increpat
1020 2687 1163 2745 (531):

574 2780 632 2821 σὺ
660 2776 698 2821 δ’
733 2778 760 2833 ἡ
790 2777 878 2820 καί
914 2781 1066 2828 οἴκους
1096 2777 1156 2828 ὡς
1185 2776 1317 2832 ἔχιδν’
1351 2776 1571 2833 ὑφειμένη

575 2850 781 2905 λήθουσά
808 2847 848 2903 μ’
884 2846 1091 2903 ἐξέπινες,
1121 2847 1214 2891 οὐδ’
1249 2846 1508 2903 ἐμάνθανον

574 2919 751 2977 τρέφων
782 2918 856 2962 δύ’
889 2919 971 2961 ἄτα
999 2917 1352 2968 κάπαναστάσεις
1381 2919 1579 2974 θρόνων.

253 3022 281 3053 a
310 3008 567 3054 rebellionis
599 3009 783 3053 crimine
813 3022 955 3066 neque
985 3007 1068 3051 hoc
1096 3022 1238 3066 neque
1259 3007 1362 3050 ’11110
1393 3006 1483 3051 3110
1513 2998 1694 3051 fabulae
1732 3006 1828 3051 loco
1860 3007 1992 3051 Anti-

254 3093 372 3136 gona
402 3095 449 3124 se
479 3080 706 3135 defendit,
749 3094 891 3137 neque
920 3078 1073 3137 potuit
1103 3078 1191 3122 nisi
1220 3077 1405 3122 mentiri
1434 3077 1642 3122 malebat.
1704 3079 1826 3135 regis
1858 3078 1994 3123 invisi

256 3149 402 3194 edicto
431 3150 677 3196 adversata
707 3153 789 3206 est,
837 3164 923 3208 quo
954 3149 1094 3194 fratri
1123 3149 1337 3207 gentique
1370 3163 1476 3194 suae
1508 3150 1626 3194 omni
1655 3150 1867 3195 iniuriam
1895 3150 1996 3195 fieri

257 3220 505 3275 sentiebat;
553 3221 855 3266 adversatura
900 3222 1037 3266 etiam
1078 3223 1175 3265 tum
1220 3224 1322 3265 erat
1365 3221 1405 3265 si
1452 3221 1576 3268 aliud
1620 3225 1842 3283 quidlibet
1883 3225 1998 3270 Creo
