2280 3574
946 232 1205 277 -9-

203 353 425 412 coniungi.
487 352 628 399 verba
659 359 752 404 τοῖς
781 355 1056 409 φρονοῦσιν,
1105 347 1144 394 si
1187 346 1365 407 quidem
1395 345 1478 391 hoc
1508 344 1664 391 valent
1695 345 1772 390 ἐάν
1802 343 1856 401 γέ
1882 361 1949 396 τις
1986 355 1994 362 ·

202 433 392 484 φρονῆι,
436 425 617 484 plenum
659 425 706 467 et
744 421 973 479 integrum
1018 419 1222 464 efficiunt
1266 418 1571 473 enuntiatum;
1618 416 1793 461 insistit
1822 415 1947 474 paul-

201 497 343 541 lulum
384 494 622 540 recitantis
664 509 753 537 vox
790 494 896 550 post
937 491 1119 547 ἐτίμησα
1148 505 1292 548 neque
1335 491 1490 548 potest
1532 489 1699 533 iterum
1735 487 1948 532 insistere

202 569 309 611 ante
349 563 423 619 εὖ,
473 563 591 622 quod
634 565 704 607 est
746 561 953 605 ultimum
994 563 1041 604 et
1079 576 1240 604 versus
1287 563 1333 604 et
1378 559 1629 604 sententiae
1669 557 1945 602 vocabulum.

202 635 375 681 accedit
405 634 535 692 quod,
568 633 683 677 illud
714 633 752 677 si
780 647 928 689 neges,
970 629 1021 675 εὖ
1051 638 1184 687 τιμᾶν
1214 645 1303 674 11011
1334 633 1405 675 est
1435 631 1529 673 iure
1557 630 1689 672 colere
1719 627 1799 672 sed
1828 632 1949 680 recte,

202 706 304 750 bene
331 705 475 757 colere,
507 706 560 748 ut
591 703 766 746 omnino
797 700 848 746 εὖ
878 702 955 745 ubi
985 701 1249 745 adverbium
1282 703 1353 744 est
1391 701 1497 758 (non
1528 702 1599 745 est
1629 699 1676 742 in
1706 697 1756 744 εὖ
1788 699 1946 755 λέγειν,

202 783 350 820 ποιεῖν
379 775 495 831 τινα)
529 774 644 817 nihil
682 773 770 817 nisi
814 774 951 829 auget
992 771 1122 815 verbi
1161 771 1276 825 vim,
1320 771 1447 815 velut
1479 769 1529 815 εὖ
1561 768 1686 826 οἶδα,
1725 767 1776 814 εὖ
1807 769 1947 813 οἴκαδ’

203 845 394 900 ἱκέσθαι,
423 847 662 901 βασανίσαι
691 841 742 888 εὖ
771 858 817 886 τε
847 841 920 886 καὶ
951 845 1119 896 καλῶς;
1153 841 1271 899 quod
1303 841 1401 899 quis
1433 841 1546 885 facit
1576 840 1623 883 id
1653 842 1764 884 bene
1794 840 1946 883 facere

204 915 384 959 dicitur.
456 915 610 971 itaque
653 928 750 956 cum
790 929 831 957 v.
865 913 949 955 905
1005 926 1183 955 causam
1225 913 1391 955 afferat
1434 911 1668 968 Antigona
1709 925 1788 953 cur
1830 909 1949 966 (γάρ)

203 985 359 1030 mariti
389 985 463 1029 vel
493 985 576 1027 filii
605 984 760 1041 gratia
788 998 877 1026 non
906 982 1023 1026 idem
1044 996 1211 1026 ausura
1232 981 1386 1035 fuerit,
1421 980 1629 1025 sufficere
1650 995 1739 1023 non
1759 981 1948 1038 possunt

203 1071 316 1114 quae
337 1055 515 1099 tradita
535 1056 653 1099 sunt.
697 1054 844 1098 dicere
864 1053 1056 1097 debebat
1081 1052 1179 1095 ‘feci
1201 1052 1408 1109 quoniam
1432 1052 1582 1095 frater
1605 1051 1733 1095 eras'.
1766 1050 1949 1094 videtur

204 1141 318 1169 unus
350 1124 600 1169 versiculus
632 1123 916 1168 intercidisse
946 1122 993 1165 in
1023 1122 1137 1165 hanc
1157 1121 1255 1164 fere
1278 1122 1469 1165 formam
1490 1120 1776 1177 refingendus
1807 1122 1949 1163 καίτοι

203 1196 240 1239 0³
275 1195 360 1250 ἐγὼ
403 1195 586 1250 ἐτίμησα
632 1202 726 1245 τοῖς
755 1200 1006 1251 φρονοῦσιν
1047 1190 1097 1236 εὗ
1138 1191 1357 1248 <ἆὸελφὸν
1398 1191 1494 1234 ὄνθ’
1531 1191 1722 1247 1ὅμαιμον
1753 1190 1807 1234 οὐ
1838 1189 1950 1246 πέρα

204 1265 364 1323 diuus).
437 1264 614 1321 reliqua
654 1264 800 1307 omnia
843 1278 940 1306 cum
982 1277 1077 1306 meo
1123 1262 1301 1319 quidem
1343 1261 1576 1305 arbitratu
1615 1260 1798 1317 integra
1843 1260 1947 1313 sint,

204 1335 416 1380 ferendus
461 1337 532 1378 est
566 1334 709 1378 'etiam
751 1349 909 1378 versus
942 1334 1027 1377 908
1069 1335 1192 1383 τίνος
1233 1334 1376 1388 νόμου
1418 1333 1473 1387 δὴ
1511 1338 1648 1375 ταῦτα
1678 1332 1790 1388 πρὸς
1819 1330 1949 1386 χάριν

206 1406 332 1462 λέγω,
365 1420 455 1448 11011
481 1404 623 1461 magis
653 1405 724 1448 hic
744 1404 1026 1462 importunus
1049 1418 1181 1460 quam
1202 1417 1314 1460 quae
1337 1402 1428 1446 alia
1448 1401 1703 1445 rhetoricae
1723 1400 1949 1444 cuiusdam

204 1475 431 1520 ubertatis
472 1474 676 1532 exempla
720 1473 903 1530 collegit
935 1473 1166 1517 Vahlenus
1198 1471 1294 1514 Ind.
1328 1471 1431 1515 lect.
1463 1471 1614 1514 Berol.
1648 1471 1762 1515 1883
1804 1486 1846 1528 p.
1880 1470 1947 1512 12.

205 1548 346 1602 νόμον
376 1544 611 1602 Antigona
641 1543 789 1587 dicere
819 1545 1016 1601 poterat,
1049 1557 1181 1600 quam
1211 1543 1395 1598 γνώμην
1435 1541 1615 1585 dixerat
1646 1540 1799 1585 Persis
1831 1539 1950 1598 apud

207 1615 488 1660 Herodotum
519 1614 707 1658 mulier:
739 1614 849 1657 hacc
879 1613 994 1657 enim
1026 1612 1315 1657 deliberando
1344 1614 1391 1655 et
1411 1611 1646 1655 iudicando
1669 1626 1719 1655 eo
1741 1610 1950 1669 pervenit

206 1688 259 1730 ut
289 1700 399 1744 prae
429 1684 595 1728 marito
626 1683 820 1740 filiisque
851 1683 1014 1727 fratris
1042 1683 1184 1727 vitam
1206 1682 1410 1739 eligeret,
1442 1681 1676 1738 Antigona
1697 1683 1848 1725 autem
1868 1680 1951 1723 hac

194 1746 433 1812 *tamquam
470 1755 583 1798 iuris
624 1754 784 1811 regula
827 1755 873 1797 et
915 1768 1073 1796 norma
1114 1767 1196 1796 usa
1236 1751 1432 1810 explicat
1475 1766 1553 1795 cur
1590 1751 1795 1808 neglecto
1827 1749 1948 1806 regis

208 1825 500 1882 civitatisque
530 1824 718 1882 imperio
752 1826 864 1880 (βίαι
895 1823 1107 1879 πολιτῶν)
1137 1823 1332 1866 fratrem
1354 1821 1629 1879 sepeliverit.
1676 1823 1814 1877 νόμος
1835 1819 1950 1863 enim

207 1910 298 1939 non
327 1895 471 1939 solum
500 1895 548 1938 id
579 1897 649 1938 est
680 1894 799 1951 quod
824 1893 998 1951 publice
1029 1896 1264 1949 νομίζεται,
1295 1892 1374 1936 sed
1404 1891 1522 1949 quod
1553 1891 1638 1935 sibi
1668 1890 1854 1948 quisque
1885 1891 1950 1932 fa-

206 1966 408 2010 ciendum
430 1969 609 2022 νομίζει,
644 1966 698 2008 cf.
723 1964 856 2022 Soph.
879 1964 950 2007 El.
973 1965 1071 2007 580.
1119 1963 1495 2021 interpolatorem
1515 1964 1625 2020 puto
1648 1961 1705 2005 ad
1727 1959 1950 2004 Herodoti

204 2037 346 2080 verba
378 2051 426 2079 se
457 2035 758 2093 applicantem
788 2034 902 2078 talia
928 2034 1079 2092 potius
1102 2033 1377 2091 scripturum
1405 2032 1546 2076 fuisse
1577 2033 1749 2088 γνώμηι
1782 2029 1830 2073 δὲ
1860 2032 1948 2073 τίνι

213 2107 269 2162 δὴ
299 2113 435 2149 ταῦτα
464 2104 669 2162 χρωμένη
700 2104 824 2160 λέγω.

320 2191 455 2219 unum
486 2178 622 2229 certe,
654 2174 742 2218 nisi
773 2174 954 2231 egregie
984 2173 1135 2227 fallor,
1171 2174 1254 2217 hac
1285 2172 1593 2231 disputatione
1625 2172 1834 2215 effectum
1864 2171 1947 2222 est,

205 2248 259 2289 ut
303 2245 467 2290 deletis
509 2245 716 2289 versibus
749 2244 979 2288 904—920
1008 2243 1267 2301 Antigonae
1308 2243 1558 2287 orationem
1597 2242 1822 2298 integram
1861 2255 1950 2283 non

157 2320 160 2323 ’
207 2331 304 2360 esse
336 2315 516 2359 concedi
545 2315 721 2358 debeat.
776 2329 857 2358 nec
886 2329 995 2358 vero
1028 2316 1108 2358 aut
1138 2314 1372 2372 pauciores
1404 2315 1484 2357 aut
1504 2312 1657 2370 plures
1680 2310 1823 2355 deleri
1850 2325 1949 2368 pos-

208 2388 313 2430 sunt
343 2385 439 2428 sine
469 2384 682 2441 graviore
715 2384 851 2428 etiam
882 2384 1101 2428 orationis
1134 2384 1420 2427 detrimento.
1467 2397 1570 2426 nam
1601 2381 1639 2425 si
1668 2396 1764 2424 cum
1787 2380 1948 2424 Iacobo

209 2458 258 2499 te
305 2454 534 2498 contineas
580 2454 627 2497 in
671 2454 1003 2511 proscribendis
1050 2454 1255 2498 versibus
1302 2452 1554 2506 905—913‚
1601 2451 1669 2495 ita
1709 2453 1761 2494 ut
1791 2466 1833 2494 v.
1865 2449 1951 2492 914

208 2524 396 2581 Κρέοντι
428 2524 578 2580 μέντοι
611 2524 685 2568 vel
716 2523 810 2568 tale
840 2524 947 2581 quid
978 2524 1211 2577 restituas,
1260 2523 1406 2566 deerit
1452 2520 1786 2579 argumentatio
1817 2520 1950 2577 plane

204 2594 478 2648 necessaria,
513 2594 582 2638 sin
612 2609 721 2638 vero
755 2608 852 2637 cum
881 2593 1116 2637 Dindorfio
1148 2593 1246 2649 quis
1287 2594 1434 2636 totam
1469 2591 1573 2635 inde
1603 2606 1631 2635 a
1660 2607 1702 2635 v.
1735 2590 1821 2633 900
1852 2604 1949 2633 ora-

204 2664 373 2709 tionem
402 2664 747 2722 interpolatoris
794 2678 890 2707 esse
935 2662 1199 2720 sumpserit,
1238 2663 1338 2720 ipsa
1367 2661 1435 2705 rei
1465 2659 1850 2718 improbabilitate
1881 2674 1949 2703 re-

205 2733 445 2778 futabitur.
507 2748 650 2790 neque
681 2733 796 2776 enim
826 2735 957 2776 tanto
992 2747 1089 2775 cum
1133 2732 1282 2776 studio
1327 2731 1487 2775 scimus
1518 2729 1873 2788 interpolatores
1904 2728 1951 2772 in

206 2803 471 2862 Sophoclem
502 2803 716 2847 saeviisse
746 2817 828 2846 nec
857 2805 951 2846 tam
983 2802 1168 2859 egregia
1198 2802 1244 2845 id
1273 2817 1413 2858 genus
1436 2801 1662 2844 hominum
1682 2798 1951 2843 comminisci

205 2873 408 2932 potuisse
451 2873 685 2917 credimus.
747 2874 853 2915 sunt
894 2872 1010 2915 enim
1051 2872 1236 2929 egregia
1274 2886 1326 2915 ac
1367 2886 1507 2929 paene
1553 2870 1706 2915 divina
1748 2871 1951 2913 extrema

206 2943 395 2987 maxime
427 2943 647 2987 orationis
678 2943 830 2986 verba.
894 2941 972 2985 sed
1013 2956 1066 2986 ea
1108 2957 1281 2999 quoque
1324 2955 1437 2998 quae
1477 2940 1669 2983 omnium
1710 2940 1807 2983 fere
1851 2953 1949 2981 con-

205 3028 338 3057 sensu
368 3027 395 3056 a
425 3012 643 3071 Sophocle
686 3011 1001 3056 abiudicantur
1040 3014 1100 3066 (v.
1133 3012 1381 3068 905-913)
1411 3010 1681 3054 Aristotelis
1724 3011 1848 3052 certe
1879 3023 1949 3052 ae-

205 3083 303 3125 tate
333 3097 415 3139 per
456 3082 626 3140 optima
666 3096 867 3139 quaeque
910 3081 1184 3139 exemplaria
1214 3081 1406 3138 vulgata
1442 3081 1574 3124 erant
1605 3079 1756 3136 (Rhet.
1789 3078 1863 3121 III
1895 3078 1949 3120 16

206 3165 248 3208 p.
282 3150 394 3194 1417
425 3166 453 3195 a
482 3153 570 3206 30).
626 3151 929 3195 Aristotelem
958 3150 1141 3207 integra
1170 3153 1331 3208 poetae
1361 3149 1618 3195 fabularum
1648 3148 1844 3192 editione
1880 3147 1949 3190 uti

206 3234 296 3266 non
325 3219 413 3264 iam
444 3221 645 3279 potuisse
675 3236 763 3264 non
794 3220 927 3265 facile
959 3220 1148 3274 credam,
1182 3220 1392 3265 maluisse
1424 3219 1704 3277 interpolata
1723 3217 1793 3262 uti
1815 3217 1950 3261 etiam
