2280 3574
1082 209 1368 254 ..10-

356 323 609 380 difficilius3
657 323 802 383 decipi
834 339 880 369 se
910 318 1092 383 passum
1123 340 1220 370 esse
1250 324 1596 384 interpolatoris
1628 326 1789 371 fraude
1819 326 1967 371 virum
1997 343 2095 373 eru-

356 395 625 439 ditissimum
655 395 833 453 quidem
864 395 942 439 sed
966 395 1163 440 carmina
1194 396 1461 440 aestimandi
1490 411 1650 454 parum
1681 397 1851 441 scilicet
1882 397 2090 456 peritum,

356 465 480 509 dictu
508 466 636 509 nefas
669 465 889 509 existimo.

473 535 551 580 sed
580 551 722 593 neque
753 535 800 578 in
818 535 1088 579 Aristotelis
1121 536 1397 580 auctoritate
1428 536 1657 594 pensanda
1676 552 1818 594 neque
1839 538 1886 581 in
1908 538 2097 595 singulis

357 606 507 650 verbis
551 606 626 650 vel
671 605 909 650 sententiis
955 605 1257 663 disceptandis
1305 621 1473 650 summa
1517 606 1586 650 rei
1629 607 1780 664 posita
1823 610 1907 652 est.
1978 608 2100 653 levia

358 677 466 720 haec
509 678 614 720 sunt
662 678 708 719 et
750 675 918 733 pusilla
966 675 1118 732 qualia
1162 677 1445 732 grammatici
1496 676 1616 720 falsa
1658 677 1849 734 quadam
1894 678 2099 735 opinione

359 746 564 804 occupati
593 761 734 803 paene
765 746 899 790 inviti
929 746 1123 802 undique
1154 761 1383 790 accersere
1416 747 1583 800 solent,
1629 762 1685 790 ne
1715 762 1801 790 uno
1832 747 1944 805 pede
1976 750 2100 792 stare

359 816 570 860 videatur
610 815 957 872 argumentatio.
1032 816 1132 873 ipsa
1173 818 1323 860 autem
1366 816 1591 860 dubitatio
1638 816 1817 860 aliunde
1869 819 1973 860 orta
2016 819 2098 861 est.

360 886 580 930 Goethius
625 886 741 929 enim
780 885 1134 943 (Colloquiorum
1179 900 1276 930 cum
1320 886 1630 930 Eckermanno
1687 886 1775 930 vol.
1805 887 1882 929 ΠΙ
1923 902 1965 944 p.
1998 886 2101 939 128)

361 956 428 1000 ita
459 956 824 1010 existimaverat,
857 955 1163 1000 Herodoteam
1193 956 1501 1000 narrationem
1532 971 1559 999 a
1590 956 1807 1014 Sophocle
1845 970 2101 1014 expressam

359 1029 586 1083 tamquam
617 1026 834 1069 maculam
865 1026 1046 1069 fabulae
1077 1026 1272 1070 inustam
1302 1026 1467 1070 videri:
1513 1041 1610 1069 cum
1649 1028 1784 1069 antea
1813 1025 2102 1070 nobilissimis
2162 1074 2166 1077 ⁷

359 1096 612 1140 rationibus
645 1110 822 1140 causam
845 1110 970 1140 suam
991 1095 1268 1140 defendisset
1290 1096 1525 1153 Antigona
1546 1095 1817 1153 candideque
1840 1110 2103 1152 generosam

362 1180 408 1210 se
441 1166 735 1220 ostendisset,
779 1166 868 1209 iam
910 1180 1007 1209 cum
1047 1181 1167 1210 mors
1209 1166 1406 1210 instaret
1437 1165 1657 1210 vilissima
1699 1179 1833 1209 causa
1862 1167 2105 1223 praetexta

362 1251 502 1294 paene
533 1236 769 1280 ridiculam
797 1236 962 1280 videri:
1007 1236 1125 1280 velle
1166 1251 1262 1279 sese
1303 1236 1523 1280 existeret
1561 1236 1701 1279 bonus
1741 1234 1996 1293 philologus
2028 1234 2105 1292 qui

365 1306 519 1364 spuria
561 1321 658 1350 esse
700 1307 841 1350 verba
880 1306 1228 1350 demonstraret.
1290 1306 1410 1349 dicto
1451 1308 1702 1363 paruerunt
1744 1304 1985 1363 philologi,
2024 1318 2106 1348 nec

362 1376 524 1419 mirum
544 1375 663 1433 quod
695 1375 852 1419 summi
874 1375 1143 1420 Germaniae
1173 1378 1333 1433 poetae
1365 1375 1419 1419 de
1440 1375 1688 1433 Sophoclea
1717 1374 1872 1418 fabula
1896 1374 2107 1418 iudicium

365 1447 420 1490 ab
453 1461 533 1490 sua
563 1448 664 1490 arte
696 1447 986 1503 comprobare
1019 1446 1303 1489 studuerunt.
1365 1447 1490 1489 recte
1513 1460 1706 1502 vereque
1736 1444 1978 1488 Goethiu'm
2010 1459 2105 1488 sen-

364 1516 476 1560 sisse
506 1515 710 1573 plerique
742 1517 1008 1571 censebant;
1058 1516 1134 1572 qui
1165 1517 1325 1559 contra
1350 1515 1557 1559 dicebant
1587 1514 1801 1572 perpauci
1831 1515 2107 1558 verebantur

365 1586 517 1644 potius
554 1588 731 1630 tantam
762 1585 999 1643 Sophoclei
1040 1585 1248 1629 carminis
1297 1588 1474 1643 partem
1520 1585 1721 1628 recidere
1763 1598 1895 1641 quam
1936 1583 2107 1627 idoneis

368 1655 646 1712 argumentis
670 1651 855 1699 Goethii
880 1652 1091 1699 iudicium
1122 1655 1335 1699 refellere
1365 1656 1592 1712 poterant.
1641 1669 1784 1711 neque
1804 1653 2110 1697 Bellermanni

366 1725 560 1782 argutiis
606 1722 714 1769 licet
754 1740 916 1782 magna
958 1725 1090 1769 laude
1131 1741 1274 1783 nuper
1312 1724 1551 1768 celebratis
1583 1724 1676 1767 ullo
1706 1723 1836 1766 modo
1869 1723 2110 1767 Goethium

364 1795 568 1839 arbitror
600 1810 828 1839 cessurum
858 1796 1011 1839 fuisse.
1075 1797 1170 1838 stat
1202 1795 1317 1838 enim
1339 1795 1454 1837 illud
1485 1797 1532 1838 et
1561 1794 1868 1838 inconcussum
1897 1793 2108 1847 manebit,

364 1865 643 1922 Antigonam
675 1865 714 1909 si
745 1865 887 1909 solum
918 1865 1156 1923 praeclara
1186 1865 1376 1922 quadam
1408 1867 1454 1908 et
1496 1864 1666 1908 invicta
1697 1877 1807 1920 erga
1837 1863 1942 1906 deos
1974 1864 2110 1920 atque

366 1937 560 1979 fratrem
604 1935 778 1993 pietate
824 1937 1087 1979 commotam
1134 1934 1260 1992 impii
1309 1934 1430 1991 regis
1476 1934 1598 1978 iussa
1643 1932 1971 1977 detrectavisse
2017 1947 2109 1976 cre-

365 2006 543 2060 damus,
588 2005 702 2049 nihil
745 2005 988 2062 optabilius
1021 2020 1117 2049 esse
1149 2019 1280 2061 quam
1310 2006 1363 2047 ut
1394 2004 1586 2047 ridicula
1615 2018 1728 2060 quae
1761 2002 1955 2046 Goethio
1986 2002 2107 2046 vide-

366 2076 503 2119 batur
550 2075 838 2119 ratiocinatio
887 2075 1036 2132 aliquo
1094 2074 1223 2117 modo
1267 2074 1474 2117 tollatur.
1535 2073 1640 2117 tolli
1683 2087 1780 2116 cum
1820 2087 1909 2115 non
1952 2071 2109 2129 possit,

372 2145 576 2202 sequitur
617 2147 670 2188 ut
710 2144 845 2188 aliam
884 2146 1020 2202 poeta
1066 2144 1150 2188 sibi
1189 2143 1448 2200 Antigonae
1501 2143 1739 2200 imaginem
1794 2140 2114 2186 informaverit

367 2229 419 2258 ac
459 2230 539 2259 nos
571 2215 721 2259 facere
754 2214 1075 2258 consuevimus.

483 2284 712 2329 videamus
756 2284 810 2328 de
851 2284 1065 2343 prologo:
1109 2298 1211 2327 nam
1254 2284 1301 2326 in
1341 2283 1542 2341 prologis
1587 2282 1776 2326 maxime
1822 2281 1938 2326 solet
1977 2282 2114 2338 poeta

367 2369 661 2412 personarum
691 2370 837 2398 mores
868 2354 985 2398 tales
1017 2354 1259 2412 depingere
1305 2353 1459 2410 quales
1505 2368 1601 2397 esse
1639 2352 1843 2405 debeant,
1888 2353 1940 2394 ut
1970 2350 2018 2393 in
2046 2350 2112 2393 fa-

368 2424 474 2468 bula
504 2425 610 2482 quid
640 2425 714 2468 vel
753 2424 970 2482 quomodo
1014 2426 1154 2481 agant
1191 2426 1314 2467 recte
1356 2423 1668 2480 intellegatur.
1740 2421 1803 2465 sic
1841 2419 1992 2464 autem
2021 2419 2113 2462 An-

368 2494 527 2551 tigona
556 2494 796 2538 festinanti
826 2509 962 2552 passu
1006 2494 1291 2551 excitatoque
1331 2493 1487 2538 animo.
1520 2507 1720 2536 sororem
1759 2490 1945 2535 trahens
1985 2489 2114 2532 domo

370 2579 554 2621 egressa
583 2564 842 2609 exorditur:

704 2670 721 2678 au

694 2678 728 2716 ὠ
759 2674 914 2716 κοινὸν
945 2671 1226 2727 αὐτάδελφον
1252 2671 1453 2726 Ἰσμήνης
1481 2670 1607 2724 κάρα,

693 2739 761 2798 ἆρ’
794 2740 914 2786 οἷσθ’
947 2742 1014 2784 ὅτι
1045 2743 1159 2791 Ζεὺς
1188 2748 1277 2783 τῶν
1308 2740 1380 2783 ἀπ’
1415 2741 1608 2783 Οἰδίπου
1637 2745 1798 2793 κακῶν,

693 2813 851 2856 ὁποῖον
882 2810 980 2868 οὐχὶ
1010 2818 1121 2854 νῶιν
1151 2812 1215 2853 ἔτι
1247 2811 1407 2863 ζώσαιν
1437 2812 1575 2861 τελεῖ;

700 2881 835 2925 οὐδὲν
865 2882 948 2938 γὰρ
981 2880 1068 2924 οὔτ’
1104 2879 1312 2935 ἀλγεινὸν
1345 2880 1437 2922 οὔτ’
1469 2880 1574 2935 ἄτης
1603 2879 1706 2932 ἄτερ

698 2952 790 2995 οὔτ’
823 2952 1007 3008 αἰσχρὸν
1038 2951 1129 2993 οὔτ’
1162 2950 1320 3005 ἄτιμόν
1352 2948 1448 2992 ἐσθ’
1483 2949 1640 2993 ὁποῖον
1671 2946 1726 2990 οὐ

696 3029 785 3065 τῶν
815 3029 907 3064 σῶν
935 3036 982 3063 τε
1011 3019 1164 3075 κάμῶν
1195 3020 1277 3062 οὐκ
1308 3018 1449 3062 ὄπωπ’
1482 3017 1566 3074 ἐγὼ
1596 3023 1757 3060 κακῶν.

374 3138 463 3167 non
492 3122 724 3166 narrantis
755 3122 829 3166 vel
859 3120 1153 3165 deliberantis
1199 3120 1307 3163 haec
1351 3121 1490 3164 verba
1534 3120 1638 3163 sunt
1682 3117 1758 3161 sed
1794 3115 2041 3160 incusantis
2073 3117 2121 3160 et

379 3193 537 3238 acerbe
567 3192 807 3249 litigantis,
859 3191 972 3235 nihil
1001 3190 1118 3248 quod
1139 3191 1193 3235 ab
1217 3189 1376 3248 Oedipi
1407 3188 1574 3235 scelere
1605 3186 1807 3234 derivari
1835 3186 1981 3248 possit
2010 3184 2120 3244 ipsis
