2280 3574
1106 216 1365 260 ,8-

358 333 475 378 solet
505 331 851 391 interpolatoris
885 333 1045 391 stupor
1077 332 1153 391 qui
1184 349 1264 378 1100
1296 333 1499 392 cogitare
1530 336 1655 380 recte
1685 350 1766 380 nec
1796 335 1920 394 loqui
1942 352 2103 394 graece

354 404 571 464 potuerit.
628 404 706 448 sed
737 403 970 462 Sophoclis
1003 406 1150 448 artem
1180 421 1343 450 vereor
1382 422 1437 451 ne
1477 406 1728 465 inculpent,
1773 408 1849 466 qui
1880 409 2103 455 Herodoti

356 474 692 533 simplicitatem
723 474 884 517 mirum
915 474 962 517 in
992 474 1169 518 modum
1200 476 1328 520 auxit
1360 479 1406 521 et
1430 477 1682 522 exornavit.
1732 478 1967 537 Antigona
1988 481 2104 525 enim

354 561 443 589 non
485 545 587 603 pari
625 544 775 602 pretio
819 544 1032 588 maritum
1063 545 1275 590 aestimat
1316 562 1367 590 ac
1409 547 1576 591 liberos
1618 548 1820 594 futuros:
1868 553 1969 595 ‘non
1999 552 2100 607 viri,

355 615 528 673 inquit,
575 615 730 672 gratia
760 615 843 658 hoc
874 615 1056 659 factura
1087 631 1233 671 eram,
1282 632 1384 661 nam
1414 618 1504 661 viri
1549 618 1727 663 iactura
1771 621 1900 665 novis
1931 622 2101 681 nuptiis

356 686 566 744 reparari
596 687 801 743 poterat3
844 685 988 729 multo
1031 701 1141 730 vero
1184 687 1328 732 minus
1370 688 1453 731 filii
1495 689 1671 745 gratia,
1716 690 1835 735 filius
1869 692 1984 736 enim
2014 709 2103 737 non

356 756 499 800 solum
532 772 586 799 ex
618 755 771 799 eodem
801 758 935 813 patre
968 756 1046 799 sed
1078 757 1215 801 etiam
1244 760 1377 815 patre
1405 760 1584 802 mortuo
1608 760 1668 814 (εἰ
1695 762 1817 804 τοῦδ’
1851 763 2101 821 ἤμπλακον)

355 827 503 871 altero
546 842 600 870 ex
640 826 740 870 viro
780 826 904 870 nasci
941 827 1152 884 poterat'.
1215 842 1328 885 quae
1371 829 1505 872 facile
1548 829 1972 888 subintelleguntur‚
2007 834 2102 878 sine

354 897 514 941 damno
558 897 771 940 omittere
813 896 943 940 licet:
989 897 1109 940 haud
1152 897 1368 943 dissimile
1408 899 1652 944 brevitatis
1705 915 1846 958 genus
1897 903 2102 948 breviter

354 967 492 1024 tetigi
523 967 580 1011 ad
602 967 735 1024 Soph.
759 966 974 1011 Electrae
1005 983 1045 1011 v.
1070 967 1138 1022 64,
1172 983 1260 1026 qua
1290 970 1442 1013 tamen
1471 970 1703 1014 brevitate
1736 971 1867 1015 simul
1898 975 1945 1017 et
1976 974 2102 1032 copia

353 1037 731 1095 interpolatorem
785 1037 855 1080 uti
912 1052 1001 1081 non
1045 1038 1178 1082 facile
1226 1053 1438 1083 ausurum
1495 1040 1636 1084 fuisse
1687 1042 1907 1086 existimo.
1983 1044 2101 1088 vitu·

352 1109 574 1166 perantur
619 1108 861 1164 praeterea
901 1109 1042 1152 verba
1081 1124 1122 1152 v.
1156 1109 1240 1152 909
1283 1111 1414 1161 πόσις
1453 1109 1534 1167 μὲν
1581 1112 1636 1154 ἄν
1679 1129 1755 1168 μοι
1797 1115 2102 1166 κατθανόντος
2134 1102 2137 1107 s

352 1178 486 1228 ἄλλος
516 1174 592 1233 ἦντ
627 1177 861 1220 dicendum
892 1177 1008 1221 enim
1037 1178 1179 1223 fuisse
1210 1181 1290 1223 aut
1320 1182 1626 1232 κατθανόντος
1655 1188 1736 1225 τοῦ
1767 1182 1988 1240 προτέρου
2021 1187 2101 1229 aut

354 1247 521 1304 ἀνδρός
561 1263 644 1305 pro
689 1249 831 1298 πόσις.
905 1250 954 1291 at
997 1248 1140 1292 maior
1182 1249 1251 1294 vis
1295 1250 1342 1293 in
1381 1250 1525 1308 primo
1568 1266 1700 1308 quam
1729 1252 1776 1295 in
1808 1254 1997 1298 secundo
2030 1257 2101 1299 est

354 1332 471 1371 casu,
503 1320 555 1361 ut
589 1318 627 1362 si
659 1318 782 1375 optio
815 1318 1010 1362 dabatur
1042 1322 1166 1363 recte
1196 1322 1332 1378 poeta
1362 1321 1555 1378 primum
1579 1323 1853 1380 praetulisse
1874 1324 2098 1369 videatur.

351 1387 486 1431 facile
517 1390 668 1432 autem
700 1390 770 1432 est
800 1403 889 1432 non
919 1391 1014 1432 tam
1043 1390 1189 1448 ipsum
1230 1406 1390 1435 nomen
1421 1392 1587 1447 ἀνδρός
1627 1407 1759 1450 quam
1798 1395 1988 1439 nominis
2023 1410 2099 1439 no-

351 1458 531 1513 tionem,
565 1473 653 1515 qua
678 1459 735 1502 ad
759 1459 1011 1503 sententiae
1031 1459 1348 1517 integritatem
1370 1477 1479 1519 opus
1504 1465 1585 1517 est,
1614 1463 1853 1520 cogitando
1875 1465 2098 1523 supplere,

356 1543 454 1571 cum
484 1529 756 1586 praesertim
786 1529 908 1573 inter
934 1531 1065 1581 πόσις
1087 1533 1134 1574 et
1153 1532 1287 1582 ἄλλος
1306 1532 1504 1589 positum
1527 1533 1587 1576 sit
1608 1534 1898 1592 participium
1918 1535 2102 1590 (similia

353 1598 456 1643 vide
488 1599 545 1642 ad
577 1599 709 1656 Soph.
743 1599 813 1642 El.
847 1616 887 1643 v.
922 1600 1026 1655 621)
1064 1615 1248 1658 cumque
1292 1602 1509 1646 addeceat
1540 1603 1762 1660 virginem
1792 1605 1936 1649 minus
1967 1606 2101 1663 plane

353 1668 478 1726 loqui
508 1669 562 1713 de
594 1669 758 1712 marito
792 1672 844 1713 ut
874 1670 943 1713 ita
973 1670 1116 1714 dicam
1138 1671 1444 1715 condicionali.
1492 1688 1581 1716 non
1600 1674 1743 1731 magis
1767 1677 1892 1719 recte
1913 1675 2100 1721 liberius

352 1739 574 1796 quoddam
619 1739 794 1783 dicendi
837 1755 977 1796 genus
1010 1757 1051 1784 v.
1085 1742 1170 1785 905
1203 1757 1265 1799 sq.
1312 1743 1522 1799 graviter
1569 1743 1885 1788 criminantur:
1930 1746 2099 1803 013*de

350 1809 441 1852 ποτ’
488 1810 579 1853 οὔτ’
623 1810 679 1853 ἂν
723 1812 765 1853 εἰ
806 1810 975 1854 τέκνων
1015 1814 1158 1868 μήτηρ
1204 1815 1320 1868 ἔφυν
1361 1813 1453 1856 οὔτ’
1486 1816 1528 1857 εἰ
1570 1816 1700 1865 πόσις
1745 1831 1820 1870 μοι
1859 1817 2099 1860 κατθανὼν

353 1879 555 1935 ἐτήκετο,
601 1883 695 1936 βίαι
741 1884 937 1924 πολιτῶν
977 1883 1097 1924 τόνδ’
1140 1881 1196 1925 ἂν
1239 1883 1432 1939 ήιρόμην
1474 1886 1630 1927 πόνον.
1701 1886 1941 1942 utrumque
1983 1886 2099 1930 enim

357 1949 576 1994 orationis
598 1951 844 1994 membrum
864 1965 1066 1994 mancum
1089 1967 1206 1995 esse:
1239 1952 1286 1995 in
1308 1952 1456 1996 altero
1488 1954 1570 1997 hoc
1590 1954 1842 1998 desiderari
1872 1958 1914 1999 εἰ
1941 1955 2099 2000 τέκνον

350 2036 427 2075 μοι
460 2019 707 2072 ἀπέθανεν,
754 2020 802 2063 111
843 2020 990 2064 altero
1031 2021 1114 2064 hoc
1150 2024 1192 2065 εἰ
1220 2024 1350 2073 πόσις
1379 2039 1455 2078 μοι
1487 2021 1554 2080 ἦν.
1617 2024 1820 2081 equidem
1849 2041 1992 2083 neque
2025 2028 2098 2070 ob-

351 2105 484 2134 scura
514 2091 656 2135 verba
687 2106 784 2134 esse
815 2090 1083 2134 crediderim
1125 2106 1267 2148 neque
1308 2092 1446 2136 aliter
1487 2094 1715 2138 enuntiari
1756 2095 1960 2153 potuisse
2003 2096 2098 2142 sine

350 2160 555 2204 molestis
588 2161 848 2217 ambagibus
882 2161 1002 2216 (nam
1034 2161 1206 2205 severis
1246 2162 1338 2205 illis
1385 2164 1691 2220 grammaticis
1722 2180 1777 2208 ne
1809 2165 1892 2209 hoo
1921 2166 2099 2223 quidem

351 2230 463 2274 satis
505 2231 680 2274 faceret
724 2231 762 2274 si
803 2230 1024 2274 scriberes
1066 2231 1119 2274 οὐ
1162 2232 1245 2287 γάρ
1289 2233 1384 2276 ποτ’
1419 2233 1510 2276 οὔτ’
1544 2233 1600 2277 ἂν
1640 2233 1821 2287 τέκνον,
1873 2238 1915 2279 εἰ
1956 2239 2098 2294 μήτηρ

348 2301 495 2357 ἔφυν),
529 2300 607 2344 sed
639 2300 887 2358 exemplum
919 2300 1007 2344 etsi
1036 2315 1125 2343 non
1155 2301 1294 2345 habeo
1326 2317 1514 2359 prorsus
1548 2303 1704 2358 simile,
1751 2319 1837 2362 quo
1865 2305 2096 2362 singulare

350 2373 396 2414 et
427 2370 727 2415 verecundum
758 2372 810 2414 ut
840 2370 949 2413 mihi
980 2370 1164 2415 videtur
1196 2371 1370 2415 dicendi
1401 2387 1541 2429 genus
1574 2373 1840 2429 confirmem,
1886 2375 2096 2420 similiter

348 2443 501 2484 tamen
531 2440 791 2484 Herodotus
832 2440 912 2483 illo
956 2440 1053 2497 ipso
1095 2455 1224 2497 quem
1255 2442 1474 2500 exscripsi
1505 2443 1602 2486 loco
1634 2443 1810 2488 locutus
1844 2447 1934 2488 est:
1956 2451 1960 2455 ’
1984 2445 2096 2502 ἀνὴρ

347 2509 429 2566 μέν
459 2526 535 2566 μοι
567 2510 622 2553 ἂν
653 2512 786 2561 ἄλλος
816 2510 1019 2566 γένοιτο,
1066 2513 1107 2554 εἰ
1148 2512 1319 2567 δαίμων
1361 2512 1534 2566 ἐθέλοι,
1581 2512 1654 2556 καὶ
1699 2513 1831 2556 τέκνα
1873 2516 2010 2567 ἄλλα,
2057 2517 2099 2559 εἰ

346 2587 483 2624 ταῦτα
515 2580 795 2636 ἀποβάλοιμι.
858 2581 935 2624 11111
977 2580 1105 2638 prior
1153 2581 1356 2639 exceptio
1408 2582 1460 2625 ‘si
1502 2582 1584 2625 deo
1627 2582 1862 2640 placuerit'
1907 2599 1996 2627 non
2038 2585 2096 2628 ad

347 2650 473 2708 prius
504 2650 646 2707 magis
680 2665 811 2708 quam
842 2651 900 2695 ad
930 2651 1127 2695 alterum
1170 2651 1452 2696 enuntiatum
1494 2652 1719 2710 pertinet,
1765 2652 1914 2697 altera
1945 2657 2096 2699 autem

349 2720 477 2763 ‘hunc
508 2721 547 2764 si
577 2720 780 2765 amisero’
815 2721 917 2778 pari
947 2721 1045 2765 iure
1078 2721 1215 2765 etiam
1245 2722 1392 2779 priori
1413 2722 1647 2766 enuntiato
1671 2722 1878 2780 subiungi
1895 2726 2092 2781 poterat.

346 2790 492 2834 simile
534 2790 616 2834 1100
659 2806 710 2834 eo
760 2791 936 2835 nomine
990 2793 1060 2835 est
1113 2791 1231 2848 quod
1285 2792 1390 2836 bina
1437 2793 1636 2836 membra
1680 2792 1795 2837 binis
1846 2794 2092 2839 enuntiatis

347 2859 593 2904 communia
623 2860 819 2904 alterum
849 2861 987 2905 alteri
1017 2860 1286 2915 adhaerent,
1331 2862 1547 2906 dissimile
1586 2878 1695 2907 vero
1735 2863 1854 2920 quod
1883 2867 2094 2908 neutrum

346 2930 591 2973 membrum
634 2930 692 2973 ad
735 2931 1006 2975 sententiam
1048 2930 1181 2988 plane
1223 2932 1525 2976 necessarium
1576 2937 1659 2976 est.
1733 2932 1811 2976 sed
1859 2937 2092 2992 suspectus

345 2999 454 3042 mihi
483 2999 522 3043 is
564 3001 635 3044 est
677 3001 753 3057 qui
795 3001 1023 3045 antecedit
1066 3016 1225 3045 versus
1263 3005 1406 3046 καίτοι
1439 3004 1478 3046 σ’
1509 3002 1593 3058 ἐγὼ
1637 3002 1819 3059 ἐτίμησα
1860 3011 1954 3055 τοῖς
1984 3020 2093 3061 φρο-

346 3076 507 3113 νοῦσιν
540 3068 602 3122 εὗ,
648 3085 777 3127 quem
817 3071 885 3115 ita
915 3071 1216 3128 interpretari
1248 3072 1396 3116 solent
1426 3075 1655 3129 tamquam
1687 3072 1905 3130 scriptum
1936 3073 1997 3117 sit
2027 3075 2093 3117 δι-

345 3141 481 3189 καίως
522 3140 561 3182 σ’
598 3140 780 3196 ἐτίμησα
820 3149 914 3192 τοῖς
954 3157 1003 3196 γε
1043 3148 1316 3197 φρονοῦσινε
1372 3142 1450 3202 0οἃ
1489 3140 1540 3186 εὗ
1580 3141 1842 3185 adverbium
1884 3157 2026 3200 neque
2065 3158 2092 3186 a

348 3208 589 3269 participio
620 3218 713 3261 τοῖς
744 3218 996 3267 φρονοῦσιν
1027 3210 1224 3267 disiungi
1255 3213 1409 3269 potest
1439 3226 1581 3269 neque
1613 3226 1709 3254 cum
1741 3213 1879 3255 verbo
1912 3212 2093 3268 ἐτίμησα
