2280 3574
883 241 1172 283 —25—

155 371 345 415 poenam
374 372 402 401 a
430 370 540 413 rege
570 356 865 400 constitutam
905 369 988 399 nec
1027 369 1197 412 poenae
1238 355 1381 412 magis
1421 369 1554 412 quam
1582 358 1773 414 praemii
1802 359 1900 403 loco

156 427 382 481 aestimat,
414 427 497 470 hoc
526 426 673 470 iratus
705 425 863 468 durior
893 425 1093 468 fortasse
1123 424 1178 468 fit
1208 439 1341 482 quam
1372 440 1469 469 esse
1499 426 1723 471 voluerat.
1783 430 1902 485 quod

87 538 91 540 ,
154 497 316 540 mulier
347 498 418 540 est
448 511 562 553 quae
592 495 693 553 regi
722 495 1008 548 adversatur,
1040 495 1124 538 hoc
1154 509 1205 538 eo
1236 495 1378 552 magis
1410 495 1627 539 irritatur
1648 511 1735 553 quo
1757 499 1900 554 magis

154 566 345 610 debilem
374 565 575 610 mulieris
619 568 830 610 naturam
870 564 1118 608 contemnit
1157 579 1332 621 quoque
1371 565 1635 622 probrosius
1668 566 1900 612 existimat

153 636 303 680 virum
332 635 490 679 cedere
520 635 701 678 mulieri
731 634 846 688 (525.
878 635 964 677 756
995 633 1115 690 alia).
1176 634 1310 677 finxit
1348 634 1492 691 igitur
1532 637 1670 692 poeta
1705 635 1792 679 duo
1824 636 1901 679 ho-

152 705 292 749 mines
339 705 571 748 contraria
612 705 838 758 volentes,
882 703 1080 747 alterum
1124 718 1222 747 cum
1263 704 1411 747 altero
1450 706 1725 762 pugnantes,
1769 705 1901 750 firma

152 775 354 832 fortique
383 777 625 832 utrumque
655 774 892 819 voluntate
930 773 1214 830 praeditum,
1258 773 1381 817 flecti
1421 787 1474 817 ac
1515 773 1673 818 cedere
1703 775 1900 819 nescium

152 846 405 901 utrumque.
454 847 577 888 certe
598 844 832 901 Antigona
848 843 1052 900 quamvis
1074 843 1236 886 mulier
1258 843 1431 887 moveri
1451 858 1676 900 nunquam
1696 845 1895 901 poterit:

153 929 234 958 nec
263 914 363 958 iure
395 929 473 958 suo
505 914 634 958 cedet
663 929 744 957 nec
772 913 883 970 regi.
946 928 1029 956 rex
1069 913 1332 970 deprecanti
1370 927 1559 970 poenam
1589 913 1789 957 fortasse
1828 929 1897 958 re-

152 984 372 1038 mitteret,
406 984 484 1028 sed
515 984 771 1028 obstinatae
801 983 1079 1026 obstinatum
1118 985 1166 1026 et
1205 983 1302 1040 ipse
1345 998 1392 1026 se
1422 983 1624 1040 praebet.
1685 983 1897 1027 flectetur

152 1054 412 1111 aliquando,
461 1054 540 1098 sed
583 1069 673 1096 non
713 1053 964 1097 rationibus
1008 1053 1084 1096 vel
1114 1052 1394 1109 argumentis
1425 1052 1595 1106 victus,
1639 1052 1718 1096 sed
1747 1053 1894 1097 metu:

150 1124 314 1168 metuit
342 1139 398 1167 ne
438 1137 550 1167 vera
581 1123 780 1167 Tiresias
823 1122 1099 1166 vaticinatus
1133 1122 1214 1175 sit,
1258 1122 1512 1179 probabilia
1551 1136 1649 1166 esse
1690 1122 1787 1179 ipse
1830 1123 1895 1166 in-

150 1194 395 1250 tellegens,
437 1192 719 1250 gravissimis
760 1192 1094 1235 calamitatibus
1144 1191 1343 1235 afflictus
1389 1191 1584 1235 concidit
1630 1191 1760 1234 homo
1803 1192 1896 1235 for-

151 1264 365 1308 tissimus.
426 1262 558 1320 paria
586 1262 711 1319 paris
742 1261 940 1305 duritiae
978 1261 1160 1318 ingenia
1200 1261 1358 1319 pulcro
1399 1261 1593 1305 artificio
1633 1261 1730 1319 ipse
1759 1265 1896 1319 poeta

151 1334 405 1391 descripsit.
466 1332 582 1376 Creo
615 1332 732 1375 enim
759 1331 1019 1388 Antigonae
1049 1332 1159 1375 haec
1188 1331 1433 1388 respondet
1462 1331 1599 1388 (473):

471 1422 563 1465 ἀλλ’
599 1426 696 1464 ἴσθι
726 1436 794 1463 τοι
823 1421 877 1463 τὰ
907 1420 1057 1475 σκλήρ’
1090 1421 1204 1475 ἄγαν
1236 1422 1499 1475 φρονήματα

469 1495 647 1535 πίπτειν
676 1491 864 1545 μάλιστα
892 1489 966 1532 καὶ
993 1491 1072 1533 τὸν
1103 1489 1447 1545 ἐγκρατέστατον

468 1563 655 1617 σίδηρον
687 1560 822 1603 ὀπτὸν
854 1559 902 1603 ἐκ
930 1561 1071 1614 πυρὸς
1100 1562 1337 1614 περισκελῆ

470 1629 761 1686 θραυσθέντα
789 1628 862 1672 καὶ
894 1628 1083 1684 ῥαγέντα
1112 1628 1277 1671 πλεῖστ’
1310 1628 1365 1670 ἂν
1396 1629 1601 1678 εἰσίδοις·

470 1707 658 1757 σμικρῶι
687 1702 871 1755 χαλινῶι
903 1699 941 1741 δ’
974 1695 1076 1742 οἶδα
1104 1701 1209 1748 τοὺς
1237 1696 1556 1752 θυμουμένους

466 1772 631 1819 ἵππους
659 1766 1015 1824 καταρτυθέντας
1029 1781 1038 1790 ·
1070 1769 1125 1811 οὐ
1155 1768 1239 1823 γὰρ
1271 1766 1442 1809 ἐκπέλει

468 1846 657 1895 φρονεῖν
686 1837 779 1893 μέγ’
813 1837 934 1887 ὅστις
964 1838 1127 1888 δοῦλός
1155 1836 1248 1879 ἐστι
1277 1843 1367 1879 τῶν
1397 1835 1544 1886 πέλας.

144 1933 192 1976 id
229 1931 373 1988 igitur
415 1929 463 1972 in
499 1927 735 1984 Antigona
773 1925 1067 1984 reprehendit
1109 1925 1227 1983 quod
1267 1925 1385 1969 idem
1429 1927 1590 1983 postea
1630 1925 1800 1970 Haemo
1843 1926 1891 1971 in

145 2005 292 2062 patre,
323 1999 492 2058 duplici
522 2001 570 2043 et
598 1999 696 2056 ipse
728 1996 938 2042 similiter
967 1996 1162 2053 imagine
1191 2011 1301 2040 usus
1332 1995 1474 2054 (712):

467 2082 593 2137 ὁρᾶις
622 2078 742 2133 παρὰ
771 2078 996 2134 ῥείθροισι
1026 2078 1284 2134 χειμάρροις
1314 2077 1397 2120 ὅσα

465 2150 667 2205 δένδρων
695 2149 880 2201 ὑπείκει,
910 2150 1085 2197 κλῶνας
1114 2148 1174 2197 ὡς
1204 2146 1452 2199 ε’κσώιζεται
1467 2159 1477 2169 ·

463 2221 517 2264 τὰ
547 2219 585 2262 δ’
619 2217 903 2261 ἀντιτείνοντ’
937 2216 1203 2272 αὐτόπρεμν’
1237 2216 1495 2259 ἀπόλλυται.

463 2290 608 2339 αὕτως
638 2287 687 2331 δὲ
717 2289 823 2337 ναὸς
853 2287 975 2338 ὅστις
1004 2286 1192 2343 ἐγκρατῆ
1223 2287 1341 2329 πόδα

463 2362 611 2409 τείνας
639 2358 812 2400 ὑπείκει
840 2355 995 2412 μηδέν,
1024 2357 1202 2406 ὑπτίοις
1230 2357 1346 2399 κάτω

465 2428 656 2484 στρέψας
684 2429 735 2470 τὸ
765 2428 925 2470 λοιπὸν
955 2425 1168 2481 σέλμασιν
1197 2428 1491 2468 ναυτίλλεται.

142 2520 369 2564 hominum
397 2518 542 2575 igitur
572 2516 763 2559 duorum
801 2514 981 2571 ingenio
1027 2514 1322 2558 consimilium
1352 2528 1426 2557 res
1456 2511 1626 2569 agitur.
1684 2525 1774 2553 non
1802 2510 1886 2553 hoc

139 2590 396 2648 disputant,
435 2589 591 2631 utrum
630 2584 865 2641 religionis
903 2584 1164 2640 gentiliciae
1207 2597 1265 2627 an
1296 2582 1366 2626 rei
1394 2581 1599 2639 publicae
1628 2579 1750 2623 ratio
1781 2579 1883 2636 plus

139 2659 313 2703 valeat:
352 2657 480 2700 nulla
521 2655 639 2699 enim
677 2656 945 2710 argumenta
983 2656 1064 2696 aut
1093 2653 1329 2710 Antigona
1359 2652 1499 2695 affert
1526 2652 1581 2694 ut
1610 2649 1884 2707 reipublicae

139 2728 461 2773 auctoritatem
513 2724 738 2780 infringat
787 2725 868 2766 aut
910 2722 1025 2766 Oreo
1074 2725 1128 2767 ut
1170 2736 1299 2766 sacra
1336 2720 1486 2778 gentis
1526 2718 1885 2763 Labdacidarum

137 2798 240 2842 iura
283 2795 488 2840 tollenda
537 2808 635 2837 esse
680 2792 951 2849 comprobet.
1011 2807 1101 2835 non
1146 2792 1267 2836 ratio
1314 2805 1412 2834 cum
1456 2788 1635 2833 ratione
1680 2787 1883 2844 confligit

142 2893 191 2898 —
222 2869 376 2911 utram
403 2864 520 2909 enim
550 2864 731 2920 poetam
761 2861 882 2905 dicas
912 2861 1093 2906 vincere
1123 2861 1335 2915 voluisse,
1370 2860 1409 2904 si
1438 2858 1617 2916 quidem
1645 2857 1769 2916 perit
1787 2856 1883 2899 An-

134 2937 314 2994 tigona,
355 2935 457 2993 plus
487 2947 621 2991 quam
649 2931 772 2989 perit
803 2930 918 2974 Creo
933 2931 954 2974 ⁴?
983 2957 1040 2963 ——
1071 2931 1150 2976 sed
1179 2932 1309 2974 homo
1350 2944 1448 2973 cum
1477 2927 1667 2971 homine.
1729 2925 1883 2970 eadem

134 3005 386 3063 pertinacia
433 3002 653 3047 credimus
698 3000 939 3044 Creontem
983 3001 1199 3058 quidquid
1249 2999 1374 3044 aliud
1417 2997 1487 3043 sui
1535 2996 1648 3041 iuris
1691 2996 1881 3053 putaret

136 3077 426 3119 executurum
440 3107 450 3127 ‚
509 3071 750 3127 eademque
792 3069 1045 3127 pertinacia
1087 3070 1367 3127 Antigonam
1423 3066 1643 3111 credimus
1690 3065 1730 3109 si
1774 3063 1882 3121 quid

134 3143 259 3188 aliud
303 3144 358 3186 ab
396 3156 506 3199 rege
551 3139 842 3184 intolerabile
886 3142 1126 3196 pateretur
1179 3141 1492 3183 recusaturam
1540 3135 1695 3179 fuisse.
1767 3147 1880 3190 quae

135 3227 216 3258 sua
242 3214 412 3257 natura
438 3211 564 3256 inter
597 3224 644 3254 se
674 3208 908 3252 contraria
937 3212 1055 3264 sunt,
1087 3224 1186 3254 cum
1215 3206 1488 3267 praesertim
1516 3204 1619 3263 pari
1637 3205 1880 3259 utrumque
