2280 3574
1109 222 1398 269 -14-

371 341 622 387 arbitraria
650 342 815 388 novicii
846 342 968 399 regis
1000 342 1191 401 imperia
1220 342 1437 401 nihilique
1469 358 1566 388 esse
1596 344 1804 401 graviter
1836 344 1979 392 iactat
2009 362 2120 406 prae

371 413 568 458 vetustis
615 412 800 457 deorum
843 412 1040 470 legibus:
1089 413 1143 457 οὐ
1175 414 1258 469 γάρ
1299 430 1341 457 τι
1372 421 1458 458 νῦν
1498 430 1544 458 τε
1586 414 1750 472 κάχθὲς
1790 416 1885 460 ἀλλ’
1918 417 1991 461 ἀεί
2017 432 2123 462 ποτε

373 486 440 539 ζῆι
478 489 615 527 ταῦτα
657 482 835 534 κούδεὶς
874 480 998 527 οἶδεν
1037 482 1080 535 ἐξ
1123 483 1229 526 ὅτου
1267 483 1425 540 ἐφάνη.
1485 484 1670 529 deorum
1712 500 1879 544 poenas
1910 489 2122 533 aeternas

370 553 513 610 magis
559 569 606 598 se
652 553 814 598 timere
860 567 992 610 quam
1047 555 1240 597 mortem
1284 555 1358 598 tot
1402 554 1622 598 malorum
1679 555 1811 601 finem
1866 557 2121 616 optabilem.

373 623 555 667 nimiam
585 622 654 667 his
686 622 838 667 verbis
871 622 962 667 vim
992 622 1255 668 tribuerunt
1285 623 1586 683 interpretes,
1631 625 1708 683 qui
1747 628 1894 671 totam
1923 627 2124 672 fabulam

373 693 420 736 in
451 708 501 737 60
538 695 767 750 tamquam
810 692 992 737 cardine
1032 693 1211 738 versari
1251 694 1582 739 contendebant
1621 697 1674 740 ut
1704 696 1939 754 Antigona
1979 698 2124 743 sancti

373 763 559 806 deorum
599 763 712 807 iuris
762 763 1097 821 propugnatrix
1145 763 1461 822 imperterrita
1516 765 1695 810 summis
1749 766 1956 812 laudibus
2011 768 2123 812 cele-

372 833 600 877 braretur.
675 848 765 877 non
819 833 932 878 satis
988 833 1058 877 illi
1115 833 1198 878 hoc
1246 835 1544 879 attenderunt
1600 835 1719 893 quod
1765 836 1950 881 deorum
1998 837 2122 895 leges

372 905 582 947 aeternas
623 905 870 961 propterea
909 903 1144 961 Antigona
1183 904 1425 949 advocavit
1468 908 1520 949 ut
1560 920 1657 949 cum
1697 906 1874 951 novicia
1913 907 2122 953 Creontis

373 973 473 1030 lege
505 976 812 1031 compararet,
854 975 907 1017 ut
939 973 1148 1018 Creontis
1192 974 1338 1032 legem
1378 990 1488 1033 prae
1528 975 1620 1020 illis
1653 979 1912 1036 contemptu
1942 977 2123 1035 dignam

373 1046 570 1088 notaret.
632 1043 920 1102 perbreviter
952 1043 1137 1088 deorum
1167 1044 1269 1089 iura
1299 1049 1670 1090 commemorarat
1701 1049 1837 1092 antea
1875 1062 1973 1091 cum
2002 1048 2124 1107 apud

375 1129 576 1157 sororem
616 1113 849 1158 consilium
881 1130 1007 1158 suum
1046 1115 1317 1159 defendebat
1350 1117 1464 1171 (77),
1510 1116 1588 1160 sed
1628 1117 1798 1162 acriter
1842 1120 1889 1162 et
1929 1118 2122 1163 facunde

373 1184 623 1241 ubicunque
655 1184 782 1242 copia
812 1184 922 1228 data
953 1187 1024 1228 est
1055 1185 1217 1229 fratris
1258 1186 1360 1229 iura
1393 1188 1564 1230 tuetur.
1626 1202 1714 1230 non
1744 1190 1935 1232 mortem
1967 1204 2015 1233 se
2044 1203 2121 1247 pa-

370 1269 478 1298 vere
509 1254 643 1309 dicit,
695 1254 785 1297 ἀλλ’
819 1254 875 1298 ἂν
906 1257 948 1298 εί
975 1257 1054 1299 τὸν
1094 1256 1137 1308 ἐξ
1179 1255 1285 1312 ἐμῆς
1329 1258 1493 1312 μητρὸς
1535 1257 1716 1301 θανόντ’
1751 1259 1957 1302 ἄθαπτον
1987 1259 2122 1317 <ὄντ’>

371 1325 635 1380 ἠνεσχόμην,
665 1327 832 1375 κείνοις
862 1324 918 1368 ἂν
948 1326 1141 1380 ἤλγουν·
1172 1327 1321 1369 τοῖσδε
1353 1326 1391 1369 δ’
1417 1327 1499 1370 οὐκ
1521 1326 1768 1383 ἀλγύνομαι
1790 1327 1908 1385 (466)
1922 1328 1967 1383 ¹).
2016 1345 2121 1374 sane

370 1394 492 1452 pium
532 1394 615 1437 hoc
657 1394 821 1439 fratris
865 1395 1110 1452 sepeliendi
1154 1395 1350 1439 officium
1380 1396 1545 1441 divinis
1577 1397 1751 1454 legibus
1784 1399 2004 1443 sancitum
2035 1402 2118 1454 est,

372 1479 461 1507 non
492 1479 601 1508 vero
627 1464 750 1509 Iovis
782 1465 948 1522 gratia,
981 1465 1027 1509 in
1058 1480 1188 1523 quem
1221 1481 1391 1510 omnem
1423 1482 1529 1511 suae
1559 1467 1767 1512 miseriae
1789 1468 1964 1527 culpam
1985 1472 2121 1514 antea

373 1535 630 1578 contulerat
663 1536 741 1592 (2),
775 1535 853 1579 sed
883 1536 1033 1580 frater
1063 1551 1118 1580 ne
1150 1536 1282 1581 iustis
1314 1536 1557 1582 honoribus
1589 1541 1768 1582 careret
1798 1539 1921 1584 Iovis
1944 1539 2119 1597 legibus

371 1605 526 1662 paruit
543 1605 789 1662 Antigona.
837 1606 1014 1663 reliqua
1034 1606 1180 1650 omnia
1201 1606 1410 1651 Creontis
1435 1609 1694 1666 contemptu
1725 1611 1772 1653 et
1802 1609 1943 1654 irrisu
1971 1610 2118 1668 plena,

370 1675 624 1733 desinitque
657 1675 805 1720 oratio
836 1675 883 1719 in
914 1676 1364 1722 contumeliosissima
1395 1679 1536 1722 verba
1566 1678 1699 1723 haece
1731 1679 1854 1736 (469)

693 1765 765 1809 σοὶ
797 1766 834 1809 δ’
871 1768 912 1810 εἰ
941 1768 1059 1810 δοκῶ
1091 1774 1177 1811 νῦν
1206 1775 1332 1823 μῶρα
1364 1769 1515 1824 δρῶσα
1545 1769 1795 1826 τυγχάνειν,
1838 1808 1839 1811 ,

694 1837 855 1893 σχεδόν
885 1853 927 1880 τι
957 1838 1110 1894 μώρωι
1141 1840 1314 1894 μωρίαν
1345 1839 1615 1895 ὀφλισκάνω.

370 1926 398 1969 i.
432 1941 468 1969 e.
512 1925 671 1970 ‘stulta
712 1941 794 1983 ego
839 1926 877 1970 si
918 1926 1004 1970 tibi
1043 1927 1222 1982 videor,
1270 1928 1388 1985 quod
1428 1928 1591 1973 fratris
1631 1929 1785 1986 gratia
1830 1930 1977 1988 capite
2022 1945 2119 1974 meo

369 1995 626 2054 periclitor,
681 2011 771 2040 non
808 1996 952 2040 minus
1000 1997 1169 2041 stultus
1212 2000 1265 2041 tu
1307 1998 1384 2055 qui
1429 1998 1559 2043 minis
1600 2014 1669 2043 me
1714 1999 1941 2043 deterreri
1986 2015 2118 2058 posse

370 2066 644 2110 credideris’.
715 2066 919 2123 loquitur
952 2067 1111 2125 Oedipi
1153 2067 1268 2122 filia,
1310 2068 1487 2125 γέννημ’
1523 2069 1645 2125 ὠμὸν
1684 2070 1728 2121 ἐξ
1775 2071 1899 2127 ὠμοῦ
1937 2074 2117 2128 πατρός,

370 2138 423 2179 ut
453 2136 630 2179 fatetur
662 2136 822 2181 chorus
854 2136 976 2181 inter
1016 2139 1185 2181 metum
1226 2140 1273 2182 et
1304 2138 1647 2184 admirationem
1677 2139 1862 2184 divisus.
1923 2143 2118 2185 mentem

370 2206 562 2263 virginis
604 2206 719 2250 Creo
760 2207 1015 2265 perspexit,
1064 2207 1141 2265 qui
1180 2222 1278 2251 cum
1318 2223 1443 2252 suam
1482 2209 1627 2266 legem
1667 2210 1846 2255 divinae
1887 2211 1981 2268 legi
2018 2226 2117 2256 con-

369 2276 562 2320 trariam
583 2276 824 2321 defendere
847 2277 1045 2331 deberet,
1078 2278 1192 2321 nihil
1221 2278 1309 2322 nisi
1330 2279 1476 2323 feram
1496 2280 1688 2337 virginis
1720 2281 1939 2325 adversus
1969 2281 2117 2339 ipsum

371 2347 694 2392 contumaciam
724 2347 901 2392 incusat
933 2350 980 2392 et
1011 2348 1178 2392 crimen
1209 2348 1384 2392 crimini
1414 2349 1617 2396 additum
1648 2350 1813 2396 clamat
1844 2351 1988 2409 (482):

695 2438 826 2495 ὕβρις
856 2437 893 2481 δ’
929 2437 1024 2481 ἐπεὶ
1056 2437 1271 2496 δέδρακεν
1301 2440 1381 2495 ἥδε
1412 2439 1610 2497 δευτέρα,

691 2509 867 2560 τούτοις
898 2508 1107 2567 ἐπαυχεῖν
1137 2508 1210 2553 καὶ
1242 2511 1512 2567 δεδρακυῖαν
1543 2514 1691 2566 γελᾶν.

372 2596 450 2643 sed
480 2597 557 2656 qui
586 2597 687 2643 fieri
723 2599 875 2657 potuit
918 2601 971 2644 ut
1012 2614 1095 2644 rex
1137 2599 1255 2657 quod
1285 2599 1520 2657 Antigona
1561 2602 1764 2644 sanctum
1807 2615 1859 2644 ac
1901 2600 2115 2645 sollemne

369 2684 496 2712 suum
544 2669 739 2713 officium
797 2685 894 2714 esse
946 2669 1128 2714 dixerat
1173 2685 1228 2714 ne
1273 2671 1412 2714 verbo
1463 2669 1639 2727 quidem
1685 2670 1922 2715 refelleret
1968 2673 2015 2715 et
2060 2686 2116 2715 ne

367 2740 618 2797 temptaret
657 2739 835 2797 quidem
877 2739 1036 2784 docere
1079 2755 1165 2798 quo
1209 2740 1385 2785 nomine
1427 2740 1607 2799 publica
1645 2741 1720 2785 lex
1758 2741 1992 2786 fraternae
2023 2741 2115 2800 pie-

467 2883 502 2927 1)
527 2893 598 2918 11011
625 2888 727 2919 certa
751 2883 840 2919 mihi
865 2883 956 2920 haec
981 2883 1170 2930 Blaydesii
1195 2885 1399 2921 emendatio
1426 2884 1587 2930 videtur,
1612 2885 1676 2922 sed
1701 2885 1834 2921 ceteris
1861 2893 1954 2929 quae
1979 2882 2116 2919 multae

366 2942 581 2986 propositae
599 2949 683 2978 sunt
703 2944 963 2988 praestabilior
981 2956 989 2990 ;
1015 2944 1159 2980 codices
1186 2945 1281 2980 enim
1306 2944 1486 2980 ἄθαπτον
1502 2942 1692 2991 ἠνσχόμην
1712 2945 1780 2990 (sic
1798 2944 1844 2980 P:
1871 2940 2054 2989 ἠισχόμην
2070 2941 2116 2988 L)

367 2998 492 3038 νέκυν.
541 3002 696 3038 immane
737 3008 793 3039 est
830 3003 927 3049 quod
952 3015 975 3040 6
999 3004 1171 3040 Semitelo
1203 3005 1387 3040 inventum
1412 3005 1557 3041 Iebbius
1597 3004 1737 3050 recepit
1774 3003 1955 3039 ἄθαπτον
1989 3000 2116 3047 ἥισχυ-

367 3073 441 3096 ναν
467 3059 595 3106 κύνες,
634 3073 705 3107 quo
732 3062 830 3099 facto
857 3064 970 3100 verba
994 3064 1135 3105 κείνοις
1158 3061 1209 3099 ἂν
1233 3062 1372 3110 ἤλγουν
1398 3065 1561 3101 dolorem
1587 3075 1608 3100 6
1635 3064 1786 3100 canibus
1811 3068 1981 3108 paratum
2006 3061 2118 3107 signi·

367 3120 540 3158 ficabunt.
588 3127 748 3158 ceterum
780 3122 848 3159 τὸν
873 3119 912 3167 ἐξ
937 3120 1026 3170 ἐμῆς
1050 3122 1187 3170 μητρός
1220 3135 1293 3160 11011
1327 3135 1370 3161 6ο
1405 3134 1515 3162 sensu
1539 3125 1648 3168 dicit,
1682 3129 1723 3160 111
1756 3124 1938 3160 1006616111
1962 3127 2116 3158 matrem

366 3181 565 3217 honorifice
590 3183 749 3219 nominet
774 3183 839 3219 sed
865 3189 1047 3230 tamquam
1075 3183 1302 3231 ὁμομήτριον
1326 3182 1518 3231 ἀδελφόν,
1558 3185 1711 3221 fratrem
1746 3184 1935 3229 sauguinis
1972 3181 2115 3218 vinculo

368 3242 439 3278 sibi
465 3243 812 3280 coniunctissimum.
