2280 3574
1165 265 1453 308 —26—

431 380 479 424 vi
500 382 547 424 et
569 379 827 423 constantia
853 382 1151 434 sustentetur,
1185 380 1416 424 conciliari
1443 383 1693 438 nequeunt:
1726 385 1938 427 neutrum
1962 386 2043 428 aut
2063 385 2183 429 vinci

430 452 510 494 aut
550 450 731 494 vincere
769 452 937 507 potest.
998 464 1179 494 necesse
1224 453 1295 494 est
1336 453 1389 494 ut
1428 451 1558 494 iuxta
1590 452 1681 495 sint
1713 455 1760 496 et
1790 453 1894 511 pari
1923 454 2023 498 iure
2052 457 2182 500 utan-

429 522 520 574 tur,
554 519 792 578 prudentis
825 522 896 563 est
928 534 1089 563 cavere
1118 535 1174 563 ne
1200 535 1395 577 unquam
1422 521 1543 564 inter
1567 537 1613 565 se
1636 522 1892 579 confligant.
1941 524 2020 567 sed
2049 526 2182 568 vetus

429 590 586 639 fabula
624 590 678 633 de
709 589 970 646 Antigonae
1002 592 1049 633 et
1080 589 1202 646 regis
1234 590 1309 640 vel
1341 590 1543 634 civitatis
1576 592 1821 636 certamine
1858 593 2036 637 tradita
2066 596 2181 648 erat,
2229 581 2234 586 ¹
2267 620 2274 623 α

413 660 654 703 traditam
685 659 858 716 accepit
890 658 1132 716 Sophocles
1177 661 1224 703 et
1263 660 1332 704 ita
1361 661 1587 704 tractavit
1617 676 1707 704 non
1747 665 1800 706 ut
1831 663 2028 707 alterum
2058 666 2183 708 recte

431 729 626 773 alteram
655 744 895 786 perperam
922 729 1084 773 fecisse
1106 733 1493 784 commonstraret,
1529 730 1607 774 sed
1636 733 1689 774 ut
1717 731 1804 775 duo
1825 733 2024 777 homines
2047 732 2184 778 simili

433 799 583 842 indole
614 798 814 856 praediti
845 799 1004 855 quibus
1036 800 1170 842 rebus
1203 800 1411 843 commoti
1441 815 1527 857 quo
1554 801 1653 844 iure
1675 816 1820 858 quave
1840 802 2007 847 iniuria
2033 803 2184 847 altera

432 869 634 912 innatam
665 883 776 925 erga
806 869 1002 912 fratrem
1031 869 1262 926 pietatem,
1304 870 1425 914 alter
1455 870 1677 914 traditam
1707 871 1829 928 regis
1861 873 2185 917 auctoritatem

430 939 739 993 defenderent,
772 939 999 996 probabili
1023 942 1125 983 arte
1147 942 1529 997 repraesentaret.
1587 941 1626 984 si
1654 934 1935 998 gentiliciam
1964 942 2184 999 pietatem

431 1009 479 1052 in
509 1025 560 1053 re
591 1009 771 1067 publica
801 1009 996 1053 tolerari
1026 1024 1115 1052 non
1144 1025 1276 1067 posse
1307 1010 1575 1054 credidisset
1605 1014 1761 1068 poeta,
1802 1027 1893 1055 non
1922 1011 2183 1069 Antigonae

433 1080 577 1123 solum
607 1079 886 1123 moriendum
917 1079 995 1122 sed
1026 1079 1165 1122 etiam
1203 1080 1272 1124 ius
1303 1081 1584 1137 gentilicium
1613 1081 1864 1125 tollendum
1895 1097 1992 1126 esse
2023 1082 2183 1127 docere

432 1149 636 1203 debebat,
672 1149 710 1193 si
736 1149 858 1206 regis
881 1150 1205 1193 auctoritatem
1224 1150 1483 1207 gentiliciae
1504 1151 1671 1208 pietati
1692 1151 1849 1196 cedere
1871 1153 1942 1196 fas
1965 1152 2181 1207 duxisset,

432 1234 522 1262 non
551 1219 666 1263 Creo
698 1219 968 1276 gravissime
999 1219 1197 1264 afflictus
1230 1220 1308 1264 sed
1334 1220 1480 1278 ipsum
1502 1236 1691 1277 regnum
1710 1221 1904 1266 interitu
1924 1222 2184 1266 damnatum

430 1289 531 1333 finis
563 1290 729 1333 fuisset
759 1289 953 1333 fabulae.
1015 1305 1205 1347 quorum
1236 1305 1334 1333 cum
1363 1293 1604 1347 utrumque
1635 1291 1880 1335 absurdum
1910 1294 2042 1347 esset,
2076 1291 2184 1350 quid

430 1360 541 1404 fecit
579 1359 748 1417 poeta?
808 1359 1069 1416 Antigonae
1113 1360 1251 1404 citum
1292 1361 1526 1404 consilium
1569 1361 1659 1404 cito
1698 1362 1955 1419 perficitur:
1999 1362 2183 1406 ineunte
2261 1407 2267 1413 ,

429 1430 586 1474 fabula
627 1431 799 1473 factum
842 1432 912 1473 est
954 1444 1040 1486 quo
1083 1430 1245 1487 capitis
1284 1445 1474 1487 poenam
1516 1430 1694 1474 meruit.
1767 1431 1922 1488 itaque
1963 1447 2053 1475 non
2094 1432 2184 1476 iam

429 1500 614 1558 paribus
646 1499 783 1543 armis
819 1499 1061 1543 Creontem
1091 1500 1213 1544 inter
1245 1503 1292 1544 et
1321 1500 1601 1557 'Antigonam
1630 1504 1883 1558 pugnatur:
1926 1502 2035 1546 haec
2065 1501 2185 1559 quod

429 1570 540 1614 fecit
571 1571 788 1614 infectum
818 1569 919 1613 fieri
948 1570 1118 1627 nequit,
1161 1570 1240 1613 ille
1270 1570 1490 1613 nihildum
1520 1570 1631 1613 fecit
1663 1571 1890 1628 omnisque
1921 1571 1968 1614 in
1999 1586 2050 1615 eo
2082 1587 2182 1615 ver-

433 1643 561 1684 satur
594 1639 862 1698 expectatio,
894 1655 1000 1682 num
1028 1640 1317 1697 perfecturus
1347 1640 1408 1683 sit
1430 1640 1548 1696 quod
1573 1641 1801 1684 facturum
1823 1657 1869 1684 se
1895 1641 2183 1699 promiserat.

432 1710 652 1754 renitenti
690 1725 879 1768 poenam
919 1710 1157 1754 remittere
1187 1709 1365 1766 nequit,
1411 1712 1562 1753 actum
1605 1713 1675 1754 est
1719 1711 1774 1754 de
1804 1710 2049 1768 Antigona.
2081 1711 2185 1755 -eui

432 1795 699 1838 quamquam
728 1781 932 1824 favemus
964 1781 1157 1823 humana
1196 1780 1453 1823 humaniter
1491 1783 1538 1823 et
1568 1781 1809 1838 peragenti
1840 1783 1886 1824 et
1916 1781 2182 1838 perferenti,

432 1850 644 1893 iniuriam
674 1853 827 1894 tamen
857 1850 959 1894 fieri
988 1864 1215 1906 negamus.
1264 1849 1496 1906 mitigavit
1526 1865 1695 1907 poenae
1728 1851 2023 1894 severitatem
2047 1853 2185 1908 poeta

434 1935 485 1963 eo
518 1920 637 1977 quod
666 1920 951 1964 miseriarum
982 1934 1117 1963 onere
1160 1934 1422 1976 oppressam
1467 1920 1773 1977 moriendique
1813 1920 2018 1978 cupidam
2047 1920 2182 1964 fecit:

434 1991 584 2047 gentis
618 2005 724 2034 suae
754 1990 916 2033 ultima
959 1991 1042 2043 est,
1083 2004 1164 2032 nec
1204 1991 1358 2032 tamen
1389 1989 1478 2032 etsi
1507 1989 1686 2033 viveret
1725 1990 1876 2046 gentis
1907 1990 2051 2034 vitam
2079 1984 2183 2048 pro-

433 2076 603 2118 pagare
635 2062 802 2117 posset,
834 2060 1017 2103 funesto
1048 2059 1198 2115 gentis
1231 2058 1402 2102 excidio
1434 2060 1586 2102 fracta
1610 2059 1708 2116 ipsa
1737 2059 1852 2102 nihil
1881 2059 1970 2103 nisi
1998 2060 2184 2117 privata

430 2131 555 2174 vitae
586 2130 753 2187 gaudia
783 2129 981 2183 amittit,
1027 2144 1140 2186 quae
1184 2143 1450 2185 quamquam
1480 2129 1580 2172 vita
1609 2129 1824 2173 decedens
1857 2130 2068 2187 adempta
2098 2129 2184 2174 sibi

432 2200 641 2257 queritur
671 2203 825 2243 tamen
854 2199 968 2243 felix
997 2213 1223 2256 nunquam
1254 2198 1317 2242 eis
1349 2198 1552 2242 fruitura
1582 2199 1747 2243 fuerat.
1795 2199 2030 2256 Antigona
2051 2199 2184 2244 simul

431 2285 483 2314 ac
514 2270 727 2313 damnata
758 2271 841 2322 est,
876 2269 1086 2312 Creontis
1119 2268 1310 2312 victoris
1342 2283 1477 2312 causa
1507 2268 1583 2325 agi
1614 2269 1783 2326 coepit:
1823 2269 2044 2313 Haemoni
2073 2269 2181 2324 filio,

431 2340 508 2397 qui
536 2340 767 2398 privatam
795 2339 943 2397 patris
977 2338 1345 2393 obstinationem,
1389 2339 1614 2396 publicam
1655 2339 1846 2395 tyranni
1875 2339 2018 2396 magis
2049 2354 2183 2397 quam

431 2411 553 2467 regis
585 2410 817 2454 libidinem
848 2409 1068 2465 castigat,
1113 2408 1190 2465 qui
1221 2423 1493 2452 communem
1538 2409 1778 2453 universae
1823 2409 2025 2453 civitatis
2069 2409 2182 2453 indi-

432 2481 693 2538 gnationem
728 2479 1076 2536 Antigonaeque
1107 2478 1227 2536 apud
1259 2494 1408 2522 omnes
1440 2479 1786 2522 admirationem
1825 2479 2062 2533 describit,
2108 2479 2186 2537 qui

433 2551 623 2607 denique
668 2565 793 2594 suam
833 2549 929 2606 ipse
971 2564 1124 2592 necem
1168 2548 1389 2602 minatur,
1423 2548 1643 2592 Haemoni
1687 2548 1890 2602 resistit,
1937 2552 1990 2592 ut
2032 2552 2186 2594 tamen

431 2621 670 2664 remittens
729 2619 901 2676 aliquid
956 2618 1218 2663 severitatis
1273 2619 1496 2662 Ismenam
1555 2633 1700 2675 poena
1759 2618 2036 2662 eximendam
2086 2634 2184 2663 esse

434 2691 660 2734 concedat.
723 2689 927 2733 Tiresiae
960 2688 1135 2746 spernit
1159 2688 1516 2742 admonitiones,
1560 2688 1690 2731 minis
1730 2688 1913 2732 tandem
1943 2688 2184 2746 aliquando

432 2760 541 2804 licet
571 2761 716 2804 invito
749 2760 895 2803 animo
926 2761 1159 2812 movetur,
1205 2760 1255 2801 at
1295 2773 1421 2802 sero:
1465 2758 1608 2801 multo
1652 2773 1758 2802 sane
1796 2758 2011 2815 graviore
2040 2773 2186 2817 poena

434 2830 530 2887 ipse
562 2830 764 2873 afficitur
796 2844 928 2887 quam
951 2828 1231 2884 Antigonam
1260 2828 1444 2872 afficere
1474 2828 1638 2885 potuit,
1673 2828 1736 2871 eis
1759 2828 1935 2872 amissis
1957 2829 2004 2871 in
2024 2829 2183 2886 quibus

414 2915 541 2944 >‘suae
572 2900 723 2956 gentis
754 2913 957 2957 propago
988 2897 1142 2956 posita
1172 2900 1295 2951 erat,
1342 2900 1389 2941 et
1419 2898 1513 2941 filio
1546 2900 1592 2941 et
1622 2913 1784 2951 uxore,
1816 2913 1959 2955 neque
1989 2897 2036 2941 id
2065 2913 2184 2942 asse-

433 2973 563 3013 cutus
607 2972 659 3013 ut
690 2969 1051 3014 Labdacidarum
1089 2968 1304 3011 memoria
1342 2982 1461 3012 nova
1499 2970 1546 3011 et
1584 2967 1769 3025 puriore
1799 2970 1936 3024 gente
1966 2968 2014 3011 in
2043 2982 2184 3025 regno

435 3039 689 3083 substituta
718 3039 947 3083 interiret.

550 3110 730 3153 ferebat
760 3109 942 3152 fabulae
968 3109 1284 3163 argumentum
1303 3109 1356 3150 ut
1377 3107 1432 3150 de
1454 3106 1523 3150 rei
1541 3106 1746 3164 publicae
1767 3107 1926 3160 forma,
1959 3107 2014 3150 de
2034 3106 2187 3164 legum

431 3179 491 3232 vi,
533 3179 588 3222 de
629 3179 793 3223 civium
827 3178 1001 3231 officiis,
1046 3176 1101 3220 de
1133 3177 1359 3220 commodo
1401 3177 1578 3234 publico
1621 3176 1796 3234 saepius
1841 3176 2017 3220 dicendi
2059 3176 2183 3220 locus

433 3251 567 3303 esset,
600 3249 790 3305 indeque
823 3246 1064 3291 coniecerit
1096 3246 1318 3304 quispiam
1347 3261 1502 3291 earum
1529 3261 1683 3290 rerum
1703 3261 1816 3303 quae
1837 3249 1946 3290 tunc
1965 3246 2183 3303 temporis
