2280 3574
943 211 1229 256 „19-.

217 326 344 371 rellis
369 326 632 386 supervenit
655 326 769 373 Creo
791 326 923 384 (882),
955 326 1086 371 finem
1115 327 1323 372 lamentis
1356 329 1609 373 faciendum
1640 347 1737 376 esse
1768 333 1962 378 clamans

219 400 266 441 et
298 412 421 441 ream
464 397 623 441 abduci
663 397 830 441 iubens.
893 397 1016 441 cuius
1060 397 1215 441 audito
1260 413 1463 443 sermone
1506 401 1738 458 asperiore
1782 403 1964 448 redure-

219 482 344 511 scens
362 466 596 523 Antigona
617 467 821 513 ultimam
850 466 988 521 illam,
1020 466 1136 511 unde
1168 467 1419 525 disputatio
1450 472 1611 514 nostra
1639 472 1848 529 profecta
1879 476 1961 527 est,

217 536 467 580 orationem
509 537 645 580 habet
689 537 800 581 satis
843 536 1070 581 diversam
1099 551 1127 580 a
1157 537 1296 581 flebili
1339 553 1471 595 quam
1514 541 1700 585 absente
1731 557 1838 599 rege
1870 542 1958 586 edi-

216 606 349 650 derat
379 606 715 650 lamentatione.
775 621 864 650 non
905 606 992 650 iam
1031 607 1181 663 gentis
1225 622 1330 651 suae
1373 609 1473 652 fata
1510 610 1718 666 queritur
1750 611 1827 655 sed
1857 627 1959 668 gra-

216 675 337 720 viter
367 678 569 720 mortuos
602 677 774 720 salutat
806 691 939 734 seque
970 676 1113 721 totius
1151 678 1300 734 gentis
1341 678 1548 722 ultimam
1579 681 1816 736 (Ismenam
1846 682 1962 725 enim

214 760 303 789 non
333 760 449 789 nunc
478 747 620 803 magis
653 748 860 790 numerat
890 761 1021 803 quam
1053 763 1093 790 v.
1123 747 1224 804 941)
1256 750 1439 804 gratam
1468 749 1560 793 illis
1593 753 1831 794 venturam
1863 767 1959 795 esse

216 818 383 873 sperat.
446 818 570 860 recte
602 832 649 860 se
680 816 838 860 fecisse
877 818 1167 874 perseverat,
1209 817 1315 861 deos
1358 821 1494 875 rogat
1537 834 1677 877 aequo
1721 820 1819 864 iure
1863 836 1960 864 cum

214 885 306 929 illis
338 888 478 942 agant
510 886 586 943 qui
615 886 766 944 iniquo
797 886 959 930 iudicio
992 901 1089 930 sese
1119 886 1447 932 damnaverint.
1509 891 1606 933 tum
1636 892 1839 934 extrema
1873 906 1959 934 om-

219 955 340 998 nium
372 957 512 1000 verba
540 957 753 1014 profatur
787 956 925 1013 (937):

697 1036 731 1082 ὦ
761 1045 841 1095 γῆς
871 1040 1022 1094 Θήβης
1051 1040 1162 1082 ἄστυ
1191 1047 1416 1096 πατρῶιον

697 1107 769 1151 καὶ
798 1107 899 1152 θεοὶ
931 1115 1176 1165 προγενεῖς,

697 1179 858 1234 ἄγομαι
889 1179 945 1234 δὴ
974 1177 1150 1222 κούκέτι
1180 1177 1339 1234 μέλλω.

699 1249 903 1291 λεύσσετε
935 1250 1086 1304 Θήβης
1117 1249 1164 1292 οἱ
1191 1251 1441 1305 κοιρανίδαι

701 1319 781 1374 τὴν
810 1319 1019 1374 βασιλίδα
1049 1319 1223 1374 μούνην
1255 1321 1431 1375 λοιπήν,

698 1383 770 1432 οἶα
799 1389 911 1443 πρὸς
941 1388 1049 1431 οἵων
1080 1388 1258 1445 ἀνδρῶν
1289 1389 1456 1445 πάσχω,

698 1459 779 1513 τὴν
810 1457 1018 1514 εὐσεβίαν
1048 1460 1272 1514 σεβίσασα.

218 1548 393 1592 Thebas
427 1563 610 1592 suorum
639 1547 857 1591 maiorum
887 1547 1207 1605 patrimonium
1243 1547 1474 1606 appellat,
1517 1547 1622 1592 deos
1666 1563 1771 1593 suae
1810 1550 1960 1606 gentis

216 1621 438 1673 auctores,
468 1618 622 1675 regiae
654 1617 811 1674 stirpis
841 1632 888 1661 se
908 1632 1041 1661 unam
1063 1620 1109 1661 et
1130 1618 1336 1662 ultimam
1358 1618 1662 1675 superstitem,
1694 1619 1961 1663 morituram

214 1688 302 1732 iam
332 1688 626 1745 pessimorum
658 1687 882 1730 hominum
912 1687 1086 1741 iudicio,
1121 1702 1231 1744 erga
1262 1702 1364 1731 suos
1395 1687 1513 1744 quod
1545 1688 1620 1745 pia
1650 1688 1793 1732 fuerit
1808 1689 1850 1745 ¹).
1914 1705 1960 1733 se

214 1759 314 1815 ipsa
344 1758 462 1815 quod
492 1758 663 1814 regiam
704 1756 958 1814 praedicat,
1009 1772 1059 1800 eo
1101 1757 1288 1813 gravius
1331 1757 1414 1800 hoc
1456 1759 1527 1801 est
1569 1758 1687 1814 quod
1719 1758 1959 1802 Creontem

215 1828 338 1870 nullo
379 1828 522 1871 totius
570 1827 751 1870 fabulae
790 1827 887 1870 loco
931 1826 1051 1883 regis
1098 1827 1273 1870 nomine
1316 1827 1504 1883 dignata
1536 1830 1627 1881 est,
1675 1828 1758 1871 hoc
1787 1843 1961 1886 quoque

214 1898 352 1942 titulo
384 1899 439 1941 ab
471 1899 648 1941 Ismena
679 1897 872 1950 diversa,
906 1911 1018 1953 quae
1051 1897 1187 1940 semel
1218 1899 1341 1940 certe
1372 1897 1489 1953 (563)
1522 1898 1687 1940 ἄνακτα
1720 1897 1959 1942 Creontem

215 1967 477 2025 appellavit,
509 1967 679 2011 sororis
702 1967 843 2010 vitam
865 1969 1122 2010 exoratura.
1169 1966 1323 2023 itaque
1344 1966 1391 2009 in
1412 1969 1613 2010 extremo
1636 1981 1810 2024 quoque
1826 1968 1958 2012 Anti-

214 2052 358 2094 gonae
389 2037 583 2081 carmine
613 2037 854 2080 manifesta
886 2036 975 2079 odii
1002 2038 1048 2080 et
1070 2038 1351 2093 contemptus
1375 2051 1484 2093 erga
1501 2036 1741 2080 Creontem
1763 2038 1959 2095 vestigia

216 2107 610 2165 deprehendimus:
655 2106 864 2163 quicquid
905 2106 984 2149 ille
1026 2121 1239 2163 praesens
1283 2106 1434 2159 audit,
1480 2107 1798 2150 contumeliose
1838 2107 1960 2152 dicta

218 2177 375 2231 omnia,
409 2179 640 2221 absentem
670 2191 758 2219 non
790 2179 920 2220 curat
949 2176 1194 2232 Antigona.
1256 2190 1398 2233 neque
1439 2175 1576 2219 aliter
1607 2176 1654 2219 in
1685 2191 1738 2220 ea
1769 2178 1959 2221 extremi

314 2316 348 2361 1)
376 2327 406 2351 v.
426 2317 498 2350 940
525 2315 762 2359 singulariter
788 2314 923 2350 dictum
950 2312 990 2349 οἷ
1012 2316 1229 2359 κοιρανίδαι
1255 2326 1321 2359 pro
1347 2324 1389 2349 eo
1416 2314 1511 2358 quod
1538 2319 1791 2358 exspectamus
1818 2313 1858 2350 οἱ
1882 2317 1958 2350 κοί-

219 2386 330 2418 ρανοι
358 2375 411 2409 vel
437 2378 713 2418 κοιρανοῦντες,
739 2385 954 2419 quamquam
980 2374 1114 2410 similia
1139 2374 1263 2409 afferri
1291 2379 1455 2418 possunt,
1483 2372 1526 2408 cf.
1549 2373 1756 2410 Lobeckius
1783 2374 1828 2409 ad
1849 2374 1960 2419 Soph.

218 2435 273 2469 Αἰ.
304 2445 335 2468 ν.
369 2434 432 2469 192
458 2439 494 2468 et
520 2435 601 2469 881.
652 2434 714 2469 sed
742 2445 814 2469 non
852 2440 1006 2478 possunt
1041 2439 1104 2468 aut
1130 2432 1261 2477 Oedipi
1296 2432 1361 2467 filii
1399 2432 1561 2477 intellegi
1591 2433 1797 2477 Antigonae
1824 2433 1960 2470 fratres

217 2504 283 2528 nec
309 2494 404 2528 cives
431 2494 607 2534 Thebani,
634 2503 724 2538 quos
751 2493 917 2529 Creontis
944 2493 1160 2538 praesertim
1187 2493 1434 2527 dominatione
1461 2492 1632 2528 subactos
1668 2493 1758 2527 nihil
1786 2498 1867 2529 erat
1893 2505 1958 2529 cur

218 2553 318 2588 urbis
347 2553 512 2588 dominos
539 2553 724 2597 Antigona
750 2553 967 2597 appellaret.
1019 2554 1124 2595 longe
1160 2552 1269 2587 aliter
1294 2556 1423 2595 postea
1450 2551 1613 2586 Tiresias
1641 2552 1742 2597 (988)
1769 2552 1961 2588 Creontem

215 2613 322 2648 simul
349 2622 392 2647 ac
417 2613 577 2647 civitatis
605 2613 783 2657 primores
810 2612 847 2656 (i.
871 2622 901 2647 e.
924 2612 1088 2656 chorum)
1117 2609 1244 2657 Θήβης
1269 2609 1437 2650 ἄνακτας
1463 2617 1581 2646 vocat.
1619 2617 1813 2655 praeterea
1838 2619 1959 2647 autem

216 2673 379 2713 chorum,
405 2672 465 2716 qui
491 2672 590 2707 solus
610 2672 734 2716 aliquo
754 2672 832 2706 iure
852 2669 979 2718 Θήβης
1004 2671 1221 2714 κοιρανίδαι
1247 2670 1374 2704 audire
1397 2675 1555 2714 poterat,
1582 2671 1651 2704 etsi
1679 2670 1852 2706 benevolo
1872 2682 1960 2716 erga

216 2731 440 2777 Antigonam
465 2732 586 2766 animo
605 2736 697 2774 erat,
723 2736 844 2766 tamen
870 2741 950 2765 cum
976 2741 1066 2765 ausa
1092 2731 1170 2765 eius
1197 2730 1454 2773 vituperasset,
1480 2740 1552 2764 nou
1578 2735 1664 2773 apte
1690 2740 1778 2765 suae
1806 2731 1961 2765 iniuriae

217 2796 346 2826 testem
373 2791 438 2825 illa
463 2791 678 2825 invocatura
704 2794 797 2824 erat.
848 2794 933 2834 apte
958 2795 1078 2824 autem
1117 2789 1203 2824 deos
1237 2787 1461 2833 πολιούχους
1486 2792 1712 2832 antestatur,
1739 2789 1881 2834 qualem
1909 2791 1960 2825 in-

216 2850 348 2885 iuriam
373 2850 480 2885 homo
506 2850 569 2884 ille
595 2860 708 2884 novus
735 2849 804 2884 sibi
832 2849 933 2894 regia
960 2849 1075 2893 stirpe
1101 2853 1209 2884 natae
1236 2853 1272 2883 et
1307 2848 1355 2883 ab
1394 2847 1573 2891 indigenis
1609 2847 1665 2884 dis
1691 2849 1868 2893 originem
1895 2849 1959 2884 du-

217 2910 312 2944 centi
339 2909 515 2944 intulerit.
567 2909 620 2944 sic
646 2914 735 2952 apta
761 2909 871 2943 etiam
897 2912 1060 2943 extrema
1095 2908 1205 2943 verba
1230 2906 1299 2952 τὴν
1327 2906 1501 2953 εὐσεβίαν
1527 2907 1717 2954 σεβίσασα,
1755 2908 1800 2942 cf.
1828 2920 1858 2943 v.
1878 2910 1959 2944 924.

216 2969 344 3003 vitium
384 2981 419 3004 v.
445 2971 511 3004 941
552 2966 622 3012 τὴν
659 2968 836 3015 βασιλίδα
874 2979 945 3003 non
984 2968 1135 3003 sustulit
1169 2967 1462 3002 Winckelmanni
1500 2967 1710 3002 coniectura
1747 2965 1817 3012 τὴν
1854 2968 1959 3014 βασι-

221 3028 351 3063 λειδᾶν
375 3026 521 3073 μούνην
546 3025 702 3071 λοιπήν,
740 3028 770 3062 si
811 3027 951 3071 quidem
987 3027 1198 3074 βασιλεῖδαι
1236 3027 1288 3061 vel
1327 3026 1423 3070 regis
1458 3024 1524 3060 filii
1551 3026 1606 3061 vel
1634 3037 1738 3071 reges
1762 3031 1858 3062 sunt.
1907 3026 1960 3061 di-

219 3087 370 3121 cendum
396 3092 476 3122 erat
518 3089 621 3131 ‘quae
647 3097 718 3122 una
747 3097 813 3130 ego
852 3086 896 3121 de
931 3087 1032 3130 regio
1062 3080 1247 3130 'sanguine
1285 3084 1499 3129 supersum’,
1535 3085 1558 3120 i.
1585 3095 1615 3120 e.
1641 3096 1771 3130 graece
1797 3084 1867 3130 τὴν
1891 3086 1959 3132 βα-

221 3145 364 3180 σιλείαν
399 3145 460 3191 (cf.
486 3146 575 3181 Eur.
601 3146 659 3181 El.
692 3147 756 3183 186
793 3144 827 3180 εἰ
850 3143 1026 3189 πρέποντ’
1050 3142 1319 3191 Ἀγαμέμνονος
1351 3143 1486 3188 κούραι
1521 3141 1623 3179 ἔσται
1657 3145 1858 3191 βασιλείαι)
1896 3149 1960 3180 aut

219 3209 318 3240 certe
343 3204 439 3250 quod
465 3205 727 3241 GHermannus
753 3209 997 3251 proposuerat
1021 3203 1090 3250 τὴν
1116 3205 1327 3253 βασιληίδα.
1364 3203 1427 3240 sed
1455 3203 1565 3240 dubia
1590 3204 1681 3240 haec
1706 3205 1836 3255 omnia.
1887 3252 1889 3254 Ι
