2280 3574
934 223 1222 265 -27-

201 338 396 383 Athenis
428 339 682 394 agebantur
713 341 944 395 tamquam
984 337 1224 394 imaginem
1263 341 1446 396 poetam
1485 343 1834 397 repraesentare
1874 356 1951 385 vo-

197 408 350 452 luisse.
415 407 495 451 sed
525 422 554 451 a
582 407 816 466 Sophoclis
847 407 1028 464 ingenio
1057 407 1174 451 talia
1202 408 1312 451 mihi
1340 423 1529 466 prorsus
1560 409 1707 454 aliena
1737 410 1952 455 videntur

202 493 301 522 esse
329 492 474 534 neque
506 477 602 521 sine
633 477 799 534 gaudio
830 477 948 531 vidi,
990 491 1072 521 nec
1103 477 1345 522 Creontem
1375 493 1474 522 cum
1501 479 1678 524 Pericle
1715 495 1797 525 nec
1827 481 1953 526 Tire-

201 548 313 592 siam
371 561 470 591 cum
523 547 751 605 Lampone
813 547 882 591 ita
946 547 1200 605 comparari
1255 563 1388 606 posse
1443 550 1498 593 ut
1549 549 1799 594 similitudo
1854 566 1953 595 con-

200 618 363 661 staret.
424 616 604 673 singula
640 620 793 662 tamen
822 617 1040 674 quaedam
1069 617 1171 661 fieri
1199 620 1355 675 potest
1396 621 1450 662 ut
1489 618 1549 663 ad
1587 622 1816 663 certorum
1846 635 1952 678 quo-

198 687 391 730 rundam
434 687 661 730 hominum
707 687 802 731 sive
846 702 921 731 res
964 687 1060 731 sive
1098 702 1246 732 mores
1289 688 1384 732 sive
1425 689 1653 747 opiniones
1693 690 1953 735 adsimilare

201 756 416 810 voluerit,
446 756 576 800 velut
600 756 794 800 Periclis
825 756 873 800 in
901 756 1049 800 libera
1078 772 1130 801 re
1158 757 1339 815 publica
1367 758 1633 816 imperantis
1666 759 1952 804 simulacrum

199 826 336 870 facile
366 841 662 883 recognoscas
706 826 754 870 in
786 825 1003 880 Creonte,
1049 826 1258 871 Creontis
1289 828 1345 871 de
1373 828 1575 872 mulieris
1615 829 1663 872 in
1692 844 1743 873 re
1771 830 1952 887 publica

202 895 481 940 auctoritate
519 895 732 939 iudicium
773 898 980 954 spectare
1023 896 1214 941 conicias
1255 897 1313 941 ad
1351 898 1593 956 Aspasiam
1634 898 1879 953 Milesiam,
1922 914 1951 943 a

197 980 287 1023 qua
330 965 553 1010 Periclem
610 965 670 1009 ad
707 965 904 1010 Samium
959 966 1126 1010 bellum
1178 967 1506 1025 suscipiendum
1549 968 1788 1012 incitatum
1827 969 1950 1013 fama

199 1035 302 1079 fuit.
365 1035 445 1079 sed
474 1035 597 1079 levia
625 1035 736 1080 haec
778 1038 883 1080 sunt
927 1038 974 1080 et
1004 1036 1190 1080 incerta.
1252 1037 1531 1094 probabilius
1572 1038 1793 1095 quispiam
1823 1039 1950 1082 chori

200 1107 341 1149 verba
362 1105 480 1162 (368)
511 1105 570 1149 ad
600 1105 717 1150 certi
737 1105 965 1150 cuiusdam
985 1107 1175 1151 hominis
1198 1108 1449 1165 exemplum
1469 1108 1654 1152 derecta
1674 1108 1947 1166 suspicetur:

338 1197 507 1250 νόμους
535 1198 757 1251 γεραίρων
785 1198 958 1247 πόλεως
985 1201 1108 1239 θεῶν
1137 1196 1173 1239 τ’
1207 1199 1396 1252 ἔνορκον
1427 1199 1557 1241 δίκαν
1567 1197 1601 1254 1)

402 1266 639 1316 ὑψίπολις·
672 1267 831 1317 ἄπολις
861 1266 966 1309 ὄτωι
995 1268 1046 1310 τὸ
1076 1268 1136 1322 μὴ
1166 1268 1305 1310 καλὸν
1336 1267 1511 1319 ξύνεστι
1540 1270 1704 1323 τόλμας
1732 1269 1875 1324 χάριν.

400 1334 497 1390 μήτ’
529 1334 630 1390 ἐμοὶ
660 1335 896 1391 παρέστιος
924 1336 1100 1391 γένοιτο
1130 1336 1226 1392 μήτ’
1256 1341 1355 1381 ἴσον
1395 1345 1580 1392 φρονῶν
1610 1338 1660 1388 ὃς
1688 1338 1781 1381 τάδ’
1815 1340 1949 1395 ἔρδει,

199 1423 228 1466 i.
257 1438 294 1467 e.
328 1423 480 1467 ‘nolim
510 1426 592 1468 aut
620 1425 747 1468 urbis
778 1427 859 1469 aut
890 1425 1179 1469 consiliorum
1207 1426 1436 1484 particeps
1468 1442 1566 1471 esse
1606 1427 1647 1471 ei
1685 1427 1762 1485 qui
1791 1428 1950 1472 audaci

199 1493 346 1537 animo
377 1493 491 1537 facit
512 1508 627 1551 quae
648 1494 718 1538 rei
738 1495 943 1552 publicae
963 1495 1139 1552 legibus
1162 1496 1394 1539 contraria
1415 1499 1542 1540 sunt:
1575 1497 1613 1540 is
1646 1498 1762 1541 enim
1792 1499 1951 1549 ἄπολις

201 1565 284 1617 est,
318 1564 533 1615 ὑψίπολις
563 1579 673 1607 vero
706 1564 784 1621 qui
814 1567 950 1622 paret
979 1565 1155 1622 legibus
1185 1566 1404 1623 publicis’.
1464 1566 1648 1610 videtur
1685 1568 1839 1611 notari
1868 1569 1948 1612 ali-

199 1633 299 1690 quis
340 1632 418 1690 qui
457 1633 527 1676 rei
567 1634 772 1691 publicae
818 1635 1088 1679 adversatus
1129 1635 1317 1679 civitate
1359 1636 1571 1693 expulsus
1603 1639 1717 1690 erat,
1748 1637 1948 1682 fortasse

162 1718 173 1719 ’
201 1702 490 1758 Thucydides
522 1702 735 1747 Melesiae
763 1703 896 1758 filius,
930 1718 1046 1747 anno
1076 1705 1163 1747 442
1194 1707 1477 1749 ostracorum
1506 1706 1669 1749 iudicio
1700 1707 1816 1750 exul.

301 1863 338 1908 1)
363 1863 500 1898 chorus
525 1863 610 1898 dum
634 1862 705 1899 duo
743 1863 865 1899 dicere
888 1863 1052 1907 videtur,
1091 1862 1229 1909 νόμους
1261 1863 1404 1905 πόλεως
1443 1870 1481 1901 et
1512 1868 1617 1901 θεῶν
1654 1864 1812 1910 ἔνορκον
1837 1868 1949 1912 δίκην

202 1922 242 1968 (i.
268 1932 301 1959 e.
327 1923 385 1958 ius
411 1922 489 1958 deis
517 1923 650 1958 iuratis
676 1923 886 1969 sancitum),
922 1934 1032 1958 unum
1057 1924 1166 1959 dicit:
1203 1935 1287 1959 nam
1313 1925 1410 1969 quod
1442 1925 1522 1970 lege
1547 1926 1726 1961 sancitum
1751 1931 1817 1969 est,
1852 1927 1949 1962 idem

201 1983 259 2018 ius
283 1983 422 2018 iustum
446 1987 514 2026 est,
539 1981 583 2017 τὸ
611 1980 660 2027 μὴ
688 1980 805 2018 καλόν
829 1983 854 2018 i.
873 1994 906 2028 q.
932 1982 975 2018 τὸ
1000 1982 1050 2028 μὴ
1078 1984 1242 2028 δίκαιον,
1266 1983 1308 2019 τὸ
1334 1983 1570 2030 παράνομον.
1620 1987 1834 2030 saepissime
1860 1987 1947 2031 δίκη

198 2045 236 2077 et
260 2039 375 2087 νόμος
401 2042 589 2078 vocabula
613 2043 826 2078 consociata
850 2044 1096 2087 reperiuntur,
1122 2044 1233 2079 etiam
1260 2044 1384 2088 Antig.
1411 2046 1469 2085 23,
1499 2045 1561 2080 ubi
1589 2056 1662 2081 non
1687 2047 1949 2090 interpolatum

199 2111 281 2137 esse
305 2101 529 2137 crediderim
554 2101 619 2138 sed
644 2102 881 2138 librariorum
906 2103 1016 2147 culpa
1036 2103 1247 2139 turbatum:
1279 2102 1478 2139 Ἐτεοκλέα
1502 2107 1582 2149 μέν,
1616 2105 1665 2144 ὡς
1689 2103 1847 2149 λέγουσι,
1881 2106 1950 2140 σὺν

200 2161 305 2205 δίκηι
340 2161 522 2206 χρησθεὶς
559 2162 709 2196 δικαίαι
745 2160 811 2196 καὶ
848 2160 966 2207 νόμωι
1003 2162 1101 2198 κατὰ
1140 2163 1285 2208 χθονὸς
1323 2161 1463 2209 ἔκρυψε
1495 2168 1576 2204 τοῖς
1608 2162 1767 2208 ἔνερθεν
1799 2163 1949 2210 ἔντιμον

199 2224 357 2264 νεκροῖς.
411 2221 606 2256 emendare
630 2232 703 2257 non
728 2232 889 2266 possum,
924 2224 1107 2258 sententia
1131 2224 1219 2258 talis
1249 2223 1363 2258 fuisse
1387 2223 1531 2258 videtur
1556 2223 1755 2259 ‘Eteoclem
1781 2225 1843 2268 qui
1867 2226 1948 2260 iure

198 2290 242 2316 ac
277 2280 358 2324 lege
391 2290 461 2324 pro
500 2281 626 2325 patria
661 2291 830 2325 pugnans
867 2281 978 2317 fratri
1011 2292 1051 2317 se
1086 2282 1333 2327 opposuerat'.
1383 2282 1426 2318 τὸ
1454 2283 1605 2318 δίκαιον
1628 2282 1760 2318 καὶτὸ
1786 2282 1946 2329 νόμιμον

197 2340 394 2375 coniuncta
417 2340 531 2375 habet
571 2340 678 2375 Plato
705 2340 855 2385 Protag.
881 2342 950 2377 327
964 2343 998 2377 b.
1038 2342 1131 2386 Rep.
1155 2342 1192 2377 II
1217 2344 1286 2378 359
1299 2353 1331 2378 a.
1370 2343 1459 2386 Leg.
1486 2342 1593 2378 700d
1629 2343 1785 2388 aliisque
1821 2345 1946 2379 multis

198 2399 301 2442 locis,
328 2398 393 2434 sed
416 2399 455 2434 in
481 2399 713 2444 Protagorae
737 2411 773 2444 p.
802 2401 874 2436 327
888 2411 908 2436 e
931 2402 1164 2437 scribendum
1188 2409 1279 2446 puto
1304 2401 1401 2441 ὅστις
1428 2413 1486 2437 σοι
1511 2402 1743 2442 ἀδικώτατος
1767 2404 1947 2447 φαίνεται

198 2457 405 2502 ἄνθρωπος
440 2464 516 2494 τῶν
548 2454 589 2493 ἑν
626 2457 756 2504 νόμοις
794 2458 861 2494 καὶ
901 2461 1065 2501 δικαίοις
1100 2460 1182 2506 (καὶ
1206 2461 1427 2505 ἀνθρώποις
1451 2461 1555 2497 codd.
1591 2462 1614 2497 i.
1642 2472 1673 2498 e.
1697 2462 1947 2507 KAIANOIC)

197 2515 480 2562 τεθραμμένων,
519 2518 565 2553 cf.
592 2519 783 2562 sophistae
820 2520 931 2555 verba
969 2520 1067 2564 apud
1107 2520 1348 2556 Iamblichum
1373 2521 1494 2556 Protr.
1519 2532 1554 2565 p.
1586 2522 1735 2564 100,15
1761 2521 1851 2557 Pist.
1879 2521 1945 2556 διὰ

197 2575 336 2616 ταύτας
372 2578 504 2612 τοίνυν
540 2576 609 2617 τὰς
646 2576 817 2622 ἀνάγκας
849 2577 918 2614 τόν
952 2591 992 2613 τε
1018 2577 1136 2624 νόμον
1162 2578 1228 2613 καὶ
1251 2579 1294 2614 τὸ
1320 2580 1473 2614 δίκαιον
1498 2576 1754 2626 ἐμβασιλεύειν
1778 2584 1857 2620 τοῖς
1881 2581 1946 2615 ἀν-

198 2635 370 2679 θρώποις
394 2640 431 2671 et
455 2635 588 2672 Dionis
613 2647 666 2673 or.
692 2637 798 2672 XXX
815 2639 862 2673 26
888 2639 1103 2673 κατοικίσαι
1127 2638 1215 2678 τους
1240 2638 1470 2716 ἀνθρώπους
1495 2635 1552 2683 ἐφ’
1579 2637 1706 2684 ἥττοσι
1728 2644 1855 2685 τιμαῖς
1880 2638 1945 2675 καὶ

199 2693 321 2741 ὅλβωι,
348 2695 513 2735 δικαίοις
538 2693 580 2730 δὲ
605 2695 671 2731 καὶ
695 2694 825 2742 νόμοις
847 2701 928 2737 τοις
953 2697 1093 2738 αὐτοῖς.
