2280 3574
933 216 1191 257 —7—

190 331 398 389 civesque
429 341 578 376 omnes
610 331 687 389 qui
716 330 918 389 quamvis
961 330 1096 375 inviti
1137 333 1290 376 tamen
1319 332 1499 377 adsensi
1541 337 1647 378 sunt
1686 335 1809 392 regi:
1853 339 1934 380 aut

187 401 423 459 Antigona
450 401 655 459 peccavit
675 403 756 446 aut
777 401 905 445 Creo.
954 401 1087 445 simul
1106 416 1216 445 vero
1241 404 1433 460 apparet
1453 402 1732 461 Antigonam
1762 407 1933 450 factum

191 471 446 516 defendisse
476 474 524 515 et
554 471 613 515 ad
644 473 814 516 certam
843 471 1066 528 quandam
1096 471 1288 516 rationis
1319 487 1522 517 normam
1551 474 1722 518 factum
1753 479 1931 520 conten-

190 542 323 596 disse,
367 541 489 585 cuius
521 541 699 599 quidem
728 541 1060 600 disputationis·
1094 557 1263 586 summa
1292 542 1339 586 in
1370 543 1548 601 epilogo
1581 545 1801 590 orationis
1833 547 1931 590 bre-

190 611 312 656 viter
343 611 748 670 comprehenditur.
789 611 898 656 haec
927 614 1079 655 autem
1109 627 1223 669 quae
1258 613 1563 658 desideramus
1595 614 1658 659 eis
1689 614 1800 673 ipsis
1832 630 1931 660 con-

189 681 396 726 tinentur
418 682 624 726 versibus
656 682 733 740 qui
754 681 946 726 omnium
966 682 1064 726 fere
1086 697 1303 727 consensu
1323 683 1529 727 damnari
1550 684 1709 729 solent.
1751 685 1933 730 dixerat

187 751 421 808 Antigona
451 753 571 808 (902)
613 759 699 796 νῦν
739 751 812 807 δέ,
851 752 1146 804 Πολύνεικες,
1190 754 1241 797 τὸ
1282 755 1364 796 σὸν
1408 753 1544 810 δέμας
1583 755 1932 811 περιστέλλουσα

187 821 326 866 τοιάδ’
359 823 566 878 ἄρνυμαι.
628 824 912 881 expectamus
957 822 1164 880 supplicii
1205 823 1475 868 saevitatem
1505 825 1692 880 (τοιάδε)
1723 825 1929 880 describi,

187 905 330 948 neque
362 908 462 950 spes
493 893 687 937 fefellit:
730 892 809 937 sed
850 894 956 936 ante
999 907 1131 949 quam
1171 908 1222 936 eo
1253 894 1493 951 perveniat
1524 894 1694 950 oratio,
1736 896 1843 953 quid
1884 898 1931 940 et

190 976 270 1005 cur
301 962 464 1006 fecerit
494 962 700 1021 disputat
730 963 860 1020 virgo
892 962 1008 1006 hunc
1036 963 1084 1006 in
1113 963 1315 1006 modum:

514 1073 657 1114 καίτοι
689 1070 727 1114 σ’
761 1070 846 1126 ἐγὼ
876 1070 1058 1127 ἐτίμησα
1087 1079 1182 1122 τοῖς
1211 1079 1463 1128 φρονοῦσιν
1493 1071 1544 1117 εὖ
1559 1087 1568 1096 ·

513 1141 567 1185 οὐ
598 1141 683 1197 γάρ
713 1140 804 1184 ποτ’
838 1141 931 1184 οὔτ’
963 1141 1019 1184 ἂν
1049 1142 1091 1184 εἰ
1118 1140 1287 1185 τέκνων
1318 1145 1460 1199 μήτηρ
1491 1145 1622 1200 ἔφυν,

511 1212 604 1255 οὔτ’
637 1212 679 1254 εἰ
706 1212 837 1262 πόσις
864 1227 940 1266 μοι
970 1212 1210 1254 κατθανὼν
1241 1211 1431 1267 ἐτήκετο,

509 1283 604 1336 βίαι
635 1284 829 1325 πολιτῶν
857 1280 977 1324 τόνδ’
1011 1280 1068 1324 ἂν
1098 1282 1290 1337 ἠιρόμην
1321 1283 1477 1325 πόνον.

511 1354 634 1402 τίνος
662 1352 805 1407 νόμου
834 1352 891 1407 δὴ
919 1357 1057 1394 ταῦτα
1087 1352 1200 1406 πρὸς
1228 1351 1359 1408 χάριν
1389 1351 1524 1408 λέγω;

512 1423 643 1472 πόσις
672 1420 754 1477 μὲν
785 1422 841 1464 ἄν
869 1438 946 1477 μοι
976 1423 1282 1472 κατθανόντος
1313 1423 1448 1473 ἄλλος
1477 1419 1546 1478 ἦν,

510 1490 583 1534 καὶ
614 1499 718 1542 παῖς
747 1490 816 1534 ἀπ’
849 1492 989 1534 ἄλλου
1020 1493 1180 1548 φωτός,
1211 1493 1253 1535 εἰ
1280 1486 1400 1535 τοῦδ’
1434 1493 1687 1548 ἤμπλακον·

511 1563 676 1618 μητρὸς
706 1561 745 1604 δ’
776 1561 826 1605 ἐν
845 1561 1000 1605 ’Ἅιδου
1028 1560 1102 1604 καὶ
1133 1563 1299 1617 πατρὸς
1328 1564 1619 1606 κεκευθότοιν

513 1633 595 1675 οὐκ
626 1631 709 1675 ἔστ’
745 1631 939 1688 ἀδελφὸς
969 1630 1091 1683 ὅστις
1120 1631 1176 1675 ἂν
1205 1632 1390 1688 βλάστοι
1421 1632 1540 1676 ποτέ.

511 1703 687 1745 τοιῶιδε
717 1702 868 1758 μέντοι
900 1702 938 1745 σ’
972 1701 1311 1758 έκπροτιμήσασ’
1345 1702 1431 1758 ἐγὼ
1461 1704 1604 1758 νόμωι
1634 1706 1725 1746 κτλ.

191 1819 289 1848 011111
319 1806 422 1848 arte
452 1804 578 1847 vides
611 1818 858 1848 sermonem
889 1803 1202 1861 compositum,
1246 1803 1370 1848 cuius
1407 1803 1599 1862 primum
1629 1804 1816 1848 verbum
1847 1803 1932 1859 ἐγώ

189 1875 226 1918 σ’
252 1874 434 1930 ἐτίμησα
465 1874 582 1917 idem
613 1873 749 1917 etiam
781 1876 1029 1918 extremum
1061 1875 1131 1917 est
1162 1873 1519 1930 ἐκπροτιμήσασά
1549 1884 1610 1927 σε,
1643 1876 1749 1931 apte
1779 1873 1826 1916 id
1849 1888 1932 1931 pro

190 1944 517 1989 sententiarum
556 1958 670 2001 quae
709 1944 1065 1988 intercesserunt
1094 1943 1365 1987 necessitate
1407 1945 1631 1987 mutatum
1662 1946 1709 1987 et
1739 1946 1931 1987 auctum.

192 2014 370 2071 singula
393 2029 502 2058 vero
533 2029 623 2057 non
642 2028 785 2071 pauca
805 2013 996 2058 offensui
1015 2014 1203 2057 fuerunt
1223 2013 1564 2071 interpretibus.
1611 2013 1688 2057 sed
1710 2012 1934 2057 Herodoti

189 2086 330 2129 verba
359 2085 450 2139 (ΠΙ
482 2084 584 2140 119)
630 2087 736 2128 ante
768 2083 914 2128 omnia
943 2083 1220 2141 perscribam
1262 2086 1314 2128 ut
1357 2087 1536 2141 poetam
1566 2084 1649 2128 illa
1687 2084 1786 2141 ipsa
1824 2086 1931 2128 ante

190 2155 340 2199 oculos
371 2154 580 2198 habuisse
611 2156 832 2212 appareat
862 2154 1082 2211 simulque
1112 2153 1346 2198 aestimari
1375 2153 1543 2211 possit,
1587 2153 1805 2211 quomodo
1837 2153 1931 2197 imi-

188 2225 377 2269 tationis
419 2240 602 2268 munere
644 2225 826 2267 functus
873 2223 946 2267 sit.
1023 2223 1312 2282 Intaphernis
1356 2224 1500 2280 igitur
1545 2238 1660 2267 uxor
1699 2227 1865 2281 rogata
1905 2238 1933 2267 a

189 2296 360 2349 Dareo,
406 2310 485 2338 cur
527 2309 617 2338 non
654 2294 811 2338 mariti
848 2309 937 2337 non
966 2294 1051 2336 filii
1080 2294 1158 2337 sed
1196 2293 1361 2337 fratris
1393 2294 1534 2338 vitam
1575 2294 1817 2338 condonari
1849 2294 1934 2338 sibi

188 2365 400 2419 voluerit,
434 2365 501 2408 ita
529 2364 793 2422 respondet:
834 2361 869 2408 ὦ
899 2367 1098 2420 βασιλεῦ,
1129 2364 1242 2419 ἀνὴρ
1273 2363 1355 2419 μέν
1385 2380 1461 2420 μοι
1492 2364 1548 2407 ἄν
1578 2365 1712 2415 ἄλλος
1741 2363 1932 2420 γένοιτο,

190 2437 232 2478 εἰ
259 2436 430 2490 δαίμων
461 2434 633 2487 ἐθέλοι,
678 2434 751 2478 καὶ
782 2433 914 2478 τέκνα
944 2435 1077 2486 ἄλλα,
1110 2436 1151 2477 εἰ
1178 2440 1314 2476 ταῦτα
1346 2434 1636 2490 ἀποβάλοιμι·
1675 2434 1853 2491 ’πατρὸς
1883 2434 1932 2478 δὲ

189 2503 262 2547 καὶ
308 2506 473 2561 μητρὸς
518 2504 666 2548 οὐκέτι
708 2521 784 2560 μοι
827 2506 1028 2558 ζωόντων
1073 2503 1291 2558 ἀδελφεὸς
1329 2503 1384 2546 ἂν
1415 2504 1549 2555 ἄλλος
1579 2503 1732 2547 οὐδενὶ
1763 2507 1931 2561 τρόπωι

190 2574 378 2630 γένοιτο.
448 2575 603 2631 ταύτηι
633 2581 704 2630 τῆι
746 2575 919 2630 γνώμηι
958 2572 1186 2631 χρεωμένη
1217 2573 1341 2626 ἔλεξα
1383 2581 1532 2617 ταῦτα.
1581 2575 1640 2618 in
1670 2577 1803 2620 tanta
1833 2591 1933 2620 ver-

190 2646 349 2689 borum
379 2645 673 2689 similitudine
702 2659 845 2703 pauca
875 2643 1110 2688 admodum
1142 2645 1248 2687 sunt
1287 2658 1400 2701 quae
1441 2644 1722 2702 discrepant,
1765 2646 1934 2704 partim

193 2715 296 2759 inde
325 2718 436 2760 nata
465 2715 583 2772 quod
613 2715 766 2759 Persis
798 2714 960 2757 mulier
992 2715 1039 2757 et
1069 2713 1282 2757 maritum
1322 2713 1460 2757 habet
1490 2716 1537 2758 et
1567 2714 1760 2770 liberos,
1801 2716 1934 2760 Anti-

191 2800 310 2842 gona
348 2787 499 2829 autem
536 2785 669 2842 virgo
714 2787 808 2828 est:
857 2783 1225 2827 condicionaliter
1265 2784 1409 2840 igitur
1449 2784 1653 2842 loquitur
1698 2787 1741 2829 εἰ
1767 2785 1935 2830 τέκνων

190 2857 333 2911 μήτηρ
365 2857 504 2912 ἔφυν,
551 2857 593 2899 εἰ
632 2857 764 2905 πόσις
803 2870 878 2910 μοι
908 2853 1084 2910 ἐτήκετο
1125 2856 1172 2897 et
1210 2856 1342 2906 πόσις
1372 2855 1428 2897 ἄν
1456 2871 1533 2910 μοι
1563 2856 1697 2906 ἄλλος
1726 2853 1796 2912 ἧν.
1858 2857 1936 2901 sed

191 2926 309 2984 quod
338 2926 526 2983 gravius
559 2928 630 2970 est
652 2925 789 2969 etiam
810 2924 1156 2981 argumentandi
1177 2924 1297 2968 ratio
1328 2924 1609 2982 aliquantum
1629 2926 1800 2970 differt.
1847 2942 1937 2970 non

189 2996 273 3039 hoc
313 2996 424 3039 dicit
462 2996 696 3053 Antigona
744 2994 920 3038 ‘marito
962 2996 1142 3037 mortuo
1183 2994 1320 3038 alium
1365 2995 1525 3039 liceret
1571 2996 1797 3051 invenire,
1842 2996 1935 3040 filio

191 3067 369 3109 mortuo
400 3065 538 3110 alium
566 3080 730 3124 parere
761 3064 965 3123 possem',
1009 3064 1086 3108 sed
1122 3064 1264 3108 multo
1297 3065 1505 3122 argutius
1536 3066 1605 3110 ita
1635 3067 1935 3111 ratiocinatur

193 3135 369 3178 ‘marito
390 3138 568 3180 mortuo
591 3135 731 3180 alium
759 3135 919 3193 liceret
949 3133 1153 3178 invenire
1185 3137 1232 3179 et
1263 3150 1319 3179 ex
1349 3135 1496 3179 altero
1527 3136 1705 3191 marito,
1737 3136 1936 3194 priorem

191 3205 229 3250 si
271 3204 540 3262 amisissem,
581 3206 695 3251 alios
737 3220 900 3265 parere
945 3219 1121 3263 possem
1163 3205 1359 3251 liberos’.
1430 3206 1638 3264 graviter
1682 3206 1936 3268 vituperari
