2280 3574
1069 205 1358 248 -20-

336 324 552 369 sermonis
575 324 709 381 parte
731 338 844 381 quae
864 322 1021 367 multis
1053 324 1158 380 post
1180 321 1423 367 Goethium
1447 323 1657 379 suspecta
1686 320 1776 366 fuit
1808 324 1855 367 et
1884 323 2083 381 punctim

335 399 382 440 et
415 395 577 439 caesim
606 397 743 452 urget
773 394 974 451 feritque
1004 394 1202 437 hostem:
1246 393 1353 451 quid
1384 393 1499 437 enim
1530 395 1715 451 poterat
1745 393 1945 451 gravius,
1978 395 2084 452 quid

335 467 552 520 acerbius,
586 465 693 523 quid
720 464 934 509 hostilius
978 464 1127 508 dicere
1158 478 1290 521 quam
1321 464 1415 519 hoe,
1460 464 1606 509 invita
1637 464 1825 509 civitate
1865 465 1975 522 (βίαι
2006 481 2085 509 πο-

336 542 472 581 λιτῶν
503 537 632 590 dixit,
673 550 762 579 non
791 538 885 591 βίαι
917 534 1156 591 Κρέοντος)
1202 550 1248 579 se
1287 549 1512 592 nunquam
1551 535 1776 580 facturam
1814 536 1955 580 fuisse
1997 536 2085 581 nisi

340 607 503 652 fratris
535 606 701 663 gratia,
749 605 842 649 eius
887 604 957 648 cui
987 606 1215 662 tamquam
1244 605 1422 663 patriae
1453 605 1575 649 hosti
1607 605 1721 650 Creo
1753 606 1912 650 funere
1944 606 2083 651 inter-

336 678 538 730 dixerat,
581 676 657 733 qui
686 675 775 719 nisi
806 674 1041 719 cecidisset
1073 674 1188 718 Creo
1219 690 1443 733 nunquam
1480 675 1538 719 ad
1568 690 1756 732 regnum
1786 676 2082 734 pervenisset,

335 747 443 806 quid
472 748 656 805 poterat
689 745 1078 799 contumeliosius,
1125 760 1222 788 cum
1252 745 1465 789 maritum
1495 745 1700 803 filiosque
1731 746 1912 791 futuros
1943 747 2085 791 fratri

334 816 666 876 postponeret?
706 830 851 859 nonne
882 813 1155 859 Haemonem
1185 816 1421 870 maritum,
1460 830 1606 859 nonne
1641 831 1696 860 ex
1725 816 1952 861 Haemone
1981 833 2085 876 pro-

339 890 516 932 creatos
548 886 664 930 filios
696 885 966 942 intellegere
997 885 1188 929 debebat
1210 885 1338 940 Creo,
1372 900 1517 929 nonne
1542 900 1666 930 suam
1686 886 1947 944 progeniem
1968 887 2085 931 omni

338 958 506 1003 scelere
536 957 773 1000 immunem
805 955 975 999 sentire
1007 955 1199 1000 debebat
1227 970 1338 1014 prae
1358 955 1717 1000 Labdacidarum
1741 957 1956 1014 sanguine
1977 972 2085 1002 vere

343 1027 470 1085 regio
504 1027 581 1071 sed
613 1026 731 1069 omni
761 1026 947 1070 infamia
976 1025 1210 1083 inquinato
1231 1026 1367 1071 vilem
1387 1026 1576 1070 haberi?
1612 1041 1757 1070 nonne
1777 1026 2086 1084 indignatione

339 1098 522 1155 dignum
553 1100 655 1141 erat
687 1096 805 1153 quod
835 1111 951 1140 novo
983 1098 1119 1153 atque
1156 1096 1359 1140 inaudito
1391 1096 1524 1154 plane
1555 1099 1821 1154 argumento
1852 1097 2086 1155 Antigona

339 1168 614 1225 singularem
657 1167 703 1210 in
745 1167 941 1211 fratrem
982 1166 1200 1224 pietatem
1244 1167 1518 1211 excusaret?
1577 1167 1807 1225 patienter
1839 1167 1953 1212 Creo
1987 1183 2084 1212 ora-
2148 1159 2150 1161 ’

335 1239 504 1283 tionem
533 1238 714 1294 longam
746 1239 792 1281 et
823 1236 1075 1281 mordacem
1104 1237 1300 1291 tulerat,
1348 1237 1426 1281 sed
1469 1252 1566 1280 cum
1609 1237 1666 1281 ad
1698 1237 1831 1281 finem
1860 1237 2083 1295 pervenit,

335 1309 407 1352 ira
437 1308 515 1352 vix
545 1307 830 1352 dissimulata
860 1307 1148 1352 vehementer
1191 1307 1384 1352 famulos
1427 1307 1662 1366 increpans
1707 1322 1839 1365 quam
1870 1307 2084 1352 citissime

340 1378 619 1435 Antigonam
650 1377 809 1421 abduci
839 1377 976 1421 iubet.
1038 1377 1151 1420 nihil
1182 1377 1312 1422 video
1344 1377 1525 1421 ridiculi
1555 1377 1630 1422 vel
1659 1377 1839 1432 ludicri,
1874 1378 1951 1422 sed
1981 1393 2086 1435 gen-

337 1449 507 1493 tiliciae
540 1447 775 1506 superbiae
808 1447 954 1491 omnia
984 1447 1138 1505 plena:
1170 1462 1259 1491 non
1289 1450 1385 1492 tam
1415 1448 1609 1492 fratrem
1639 1448 1767 1504 luget
1799 1462 1928 1492 soror
1954 1463 2086 1506 quam

337 1518 543 1562 ultimam
586 1517 891 1562 nobilissimae
933 1517 1082 1574 gentis
1128 1532 1250 1575 spem
1294 1517 1539 1571 sublatam,
1593 1532 1735 1574 neque
1778 1517 1867 1562 alio
1910 1518 2086 1562 nomine

337 1589 486 1633 virum
516 1587 743 1645 filiumque
774 1588 955 1631 futuros
988 1587 1233 1631 contemnit
1263 1587 1351 1632 nisi
1382 1587 1500 1644 quod
1530 1602 1611 1645 per
1642 1587 1745 1632 illos
1789 1602 1894 1632 suae
1935 1588 2085 1645 gentis

338 1659 512 1704 radices
543 1658 791 1716 propagari
821 1672 910 1701 non
939 1672 1071 1715 posse
1101 1657 1240 1702 videt.
1303 1658 1386 1701 1100
1424 1658 1640 1712 interest,
1685 1658 1803 1715 quod
1833 1658 1982 1703 virum
2011 1658 2086 1703 vel

338 1729 480 1773 filium
503 1729 542 1773 si
564 1727 861 1786 sepelivisset,
886 1727 1051 1772 amoris
1073 1727 1349 1785 pietatisque
1371 1727 1587 1772 edidisset
1609 1728 1869 1786 exemplum,
1892 1729 2087 1773 fratrem

339 1814 448 1844 vero
481 1814 578 1843 cum
610 1797 837 1856 sepeliret,
870 1798 1101 1855 gentilicio
1134 1798 1246 1843 satis
1278 1798 1388 1842 fecit
1420 1798 1582 1842 officio.
1632 1798 1751 1855 quod
1781 1798 1958 1856 quidem
1990 1798 2086 1842 offi-

343 1870 458 1914 cium
489 1884 540 1913 eo
572 1868 758 1925 gravius
791 1870 893 1911 erat
924 1867 1043 1924 quod
1077 1882 1174 1911 cum
1203 1870 1416 1926 parentes
1460 1867 1628 1912 mortui
1667 1870 1818 1912 essent
1859 1883 1948 1912 una
1991 1883 2087 1912 cum

340 1941 490 1984 fratre
520 1938 663 1982 totius
694 1937 844 1995 gentis
875 1952 1035 1981 nomen
1066 1938 1332 1982 exhaustum
1363 1938 1555 1982 interiit.
1605 1953 1732 1982 nemo
1765 1938 1923 1996 opinor
1950 1953 2087 1996 aegre

341 2011 463 2054 feret
494 2008 612 2066 quod
643 2007 884 2065 Sophocles
927 2007 981 2051 de
1022 2007 1134 2051 iuris
1174 2008 1397 2065 gentilicii
1434 2010 1601 2052 natura
1639 2007 1905 2066 explicatius
1938 2008 2087 2053 dicere

341 2079 510 2123 noluit:
542 2093 685 2135 neque
716 2078 902 2121 decebat
933 2078 1016 2121 hoc
1045 2081 1225 2136 poetam
1254 2093 1397 2135 neque
1430 2094 1538 2136 opus
1571 2080 1672 2122 erat
1695 2077 1881 2122 Graecis
1915 2078 2087 2122 scilicet

341 2148 640 2202 audientibus,
675 2148 834 2205 quibus
852 2148 1112 2204 Antigonae
1135 2148 1363 2205 cogitandi
1394 2148 1513 2192 ratio
1545 2147 1784 2192 familiaris
1817 2151 1932 2192 erat.
1979 2151 2086 2206 apte

342 2219 498 2276 igitur,
531 2220 584 2261 ut
613 2218 721 2261 mihi
752 2218 929 2275 quidem
960 2218 1155 2272 videtur,
1188 2234 1294 2262 usus
1327 2221 1397 2262 est
1427 2221 1563 2276 poeta
1595 2233 1645 2262 eo
1667 2218 1786 2275 quod
1806 2218 1925 2276 apud
1946 2219 2087 2262 Hero-

341 2289 497 2333 dotum
541 2290 779 2332 narratum
823 2288 1062 2332 invenerat
1093 2289 1294 2332 Persidis
1340 2289 1541 2332 mulieris
1583 2302 1786 2342 acumen,
1832 2288 1921 2332 nisi
1965 2289 2089 2332 forte

342 2359 600 2404 universam
653 2358 919 2415 tragoediae
975 2358 1198 2402 rationem
1245 2358 1469 2402 Herodoti
1513 2358 1777 2402 narratione
1824 2360 2090 2402 commotum

343 2431 525 2487 poetam
555 2428 821 2472 confinxisse
852 2428 1017 2472 audeas
1051 2428 1281 2486 suspicari.
1946 2419 1950 2422 ’

457 2499 611 2556 itaque
651 2513 740 2541 non
781 2498 876 2542 deis
919 2498 1100 2542 offensis
1141 2499 1439 2556 opitulantem
1469 2500 1605 2556 poeta
1634 2498 1767 2541 finxit
1797 2498 2086 2554 Antigonam,

343 2569 420 2614 sed
452 2583 557 2613 suae
600 2569 751 2626 gentis
793 2569 948 2625 suique
988 2568 1152 2613 fratris
1192 2569 1294 2613 iura
1332 2570 1387 2613 ab
1427 2568 1592 2613 novicii
1631 2568 1752 2625 regis
1793 2567 2088 2625 usurpatione

340 2639 665 2683 defendentem.
724 2638 980 2682 incredulus
1014 2638 1053 2682 si
1082 2641 1274 2696 perstes,
1307 2638 1525 2696 quomodo
1557 2637 1657 2682 fieri
1683 2637 1835 2695 potuit
1865 2639 1918 2680 ut
1949 2639 2086 2695 poeta

340 2708 646 2767 pientissimus
680 2708 824 2752 occisa
853 2708 1089 2764 Antigona
1119 2708 1273 2753 divina
1311 2709 1413 2753 iura
1457 2708 1728 2765 gravissima
1758 2707 1883 2751 clade
1915 2707 2090 2751 afflicta

343 2778 595 2822 conculcari
636 2778 908 2836 pateretur?
968 2778 1149 2821 defendi
1192 2779 1354 2823 saltem
1397 2781 1681 2837 expectamus
1723 2776 1915 2833 virginis
1957 2776 2088 2820 forti-

342 2848 545 2892 tudinem
576 2849 631 2891 ab
663 2863 713 2891 eo
755 2848 831 2905 qui
873 2863 1088 2891 summum
1118 2848 1299 2892 fabulae
1338 2850 1609 2892 momentum
1639 2846 1797 2900 adicit,
1839 2860 1866 2890 a
1898 2845 2086 2890 Tiresia.

344 2918 500 2977 prodit
547 2919 728 2962 sanctus
776 2932 931 2962 senex:
978 2931 1123 2961 nonne
1163 2919 1372 2975 graviter
1417 2919 1538 2963 feret
1582 2916 1793 2961 iniuriam
1830 2915 2090 2972 Antigonae

345 2982 532 3041 factam,
582 3002 727 3030 nonne
768 2986 1050 3045 vituperabit
1091 2987 1300 3032 Creontis
1343 2987 1655 3046 parricidium,
1702 3000 1847 3029 nonne
1886 2980 2091 3029 laudabit

344 3058 467 3116 pium
506 3071 557 3101 ac
605 3057 727 3100 forte
767 3056 958 3114 virginis
1008 3056 1214 3101 facinus?
1284 3060 1333 3102 at
1378 3058 1457 3101 ille
1497 3057 1551 3100 de
1591 3053 1851 3112 Antigonae
1891 3054 2091 3099 facinore

347 3127 651 3185 supplicioque
693 3126 851 3169 futuro
892 3128 1036 3181 tacet,
1083 3127 1197 3169 nihil
1238 3127 1445 3184 queritur
1486 3126 1574 3170 nisi
1612 3126 1768 3168 urbem
1809 3139 1997 3182 corpore
2028 3124 2091 3168 in-

348 3196 525 3256 sepulto
556 3196 797 3255 pollutam,
839 3195 945 3239 deos
987 3195 1207 3241 cadavere
1238 3211 1265 3242 a
1296 3197 1476 3242 canibus
1517 3195 1863 3253 vulturibusque
1901 3194 1990 3239 iam
2027 3193 2090 3237 di-
