2280 3574
979 243 1036 249 ,-
1096 218 1123 260 5
1185 242 1239 247 -

232 335 501 392 Polynices,
547 334 701 379 eadem
730 335 969 392 praestare
1001 333 1148 388 volui,
1194 332 1272 377 sed
1302 335 1384 377 tua
1423 347 1558 377 causa
1598 333 1686 377 iam
1727 349 1817 378 non
1854 334 1987 379 laude

234 406 312 451 sed
335 421 480 464 poena
501 405 703 450 afficior’.
750 404 884 463 plane
917 406 964 448 et
993 403 1149 462 pulcre
1180 403 1290 447 haec
1311 403 1471 447 omnia.
1517 406 1615 447 tum
1640 420 1763 459 vero,
1794 405 1985 449 Lehrsio

234 476 273 522 si
304 476 473 530 credas,
505 475 574 520 ita
603 475 757 533 pergit
787 474 907 532 (921)
951 477 1155 532 ‘quanam
1197 473 1298 531 lege
1339 473 1495 518 divina
1525 473 1700 518 violata
1715 474 1747 518 ‘?'
1800 475 1985 533 partici-

231 547 354 606 pium
393 546 509 590 enim
549 549 684 589 ποίαν
725 544 1071 603 παρεξελθοῦσα
1102 546 1332 600 δαιμόνων
1375 546 1506 600 δίκην
1545 544 1697 588 verbis
1739 545 1879 588 τοιάδ’
1911 547 1987 600 ἄρ-

231 634 367 673 νυμαι
400 616 682 661 subiunctum
724 631 813 660 non
853 618 1008 673 potest
1050 615 1138 658 nisi
1179 629 1349 672 poenae
1389 629 1568 658 causam
1598 614 1810 659 indicare.
1873 615 1984 659 stul-

231 690 383 731 tamne
413 687 555 744 magis
587 702 645 731 an
675 687 872 744 iniquam
887 685 1166 742 Antigonam
1187 685 1415 729 dicamus?
1458 700 1586 728 nemo
1609 685 1726 729 enim
1751 685 1986 742 quicquam

231 757 279 800 in
309 757 415 801 deos
460 772 556 801 eam
597 756 867 801 commisisse
909 755 1228 809 contenderat,
1274 755 1407 798 immo
1440 755 1650 799 Creontis
1682 755 1805 812 regis
1837 755 1984 799 edicto

232 843 322 871 11011
359 830 603 885 paruerat,
653 827 771 885 quod
811 826 911 884 ipsa
949 826 1131 869 dixerat
1163 825 1283 882 (454)
1327 840 1417 869 non
1456 827 1636 869 tantum
1667 825 1822 869 valere
1852 840 1984 883 posse

233 898 330 942 ὥστ’
365 900 567 954 ἄγραπτα
597 897 802 954 κάσφαλῆ
830 901 953 940 θεῶν
983 898 1150 952 νόμιμα
1181 896 1408 939 δύνασθαι
1436 897 1609 951 θνητὸν
1640 895 1736 938 ὄνθ’
1761 896 1983 950 ὑπερδρα-

230 976 344 1024 μεῖν.
414 968 568 1026 itaque
611 968 796 1012 deorum
836 966 1012 1024 legibus
1051 969 1104 1010 ut
1148 966 1260 1010 satis
1301 966 1498 1019 faceret,
1553 965 1648 1009 deis
1698 980 1753 1009 ne
1795 980 1983 1023 poenam

231 1038 450 1096 penderet
482 1038 622 1093 (459),
666 1037 855 1081 hominis
895 1036 1020 1081 iussa
1060 1036 1415 1080 detrectaverat.
1487 1035 1611 1080 aliud
1640 1035 1784 1092 igitur
1816 1035 1984 1079 dixisse

231 1108 434 1166 putanda
477 1110 547 1152 est
589 1125 629 1152 v.
664 1108 771 1151 921:
826 1107 934 1165 quid
976 1107 1147 1150 dixerit
1194 1106 1326 1150 docet
1369 1121 1529 1150 versus
1581 1106 1818 1163 insequens
1865 1105 1984 1162 ‘quid

234 1194 315 1236 ego
356 1179 522 1222 misera
562 1193 590 1222 a
628 1178 724 1222 deis
767 1193 964 1236 sperem,
1020 1191 1254 1234 quemnam
1301 1191 1383 1233 ego
1430 1176 1615 1220 deorum
1656 1175 1984 1233 opitulatorum

233 1249 399 1293 socium
444 1249 651 1304 habeam,
707 1263 804 1292 011111
847 1247 1050 1306 quamvis
1097 1247 1171 1304 pio
1212 1262 1396 1290 munere
1442 1246 1600 1290 functa
1639 1248 1791 1290 tamen
1829 1245 1981 1303 impie-

230 1319 343 1363 tatis
375 1319 559 1363 crimine
590 1319 816 1363 maculata
846 1318 939 1363 sim’
956 1318 997 1372 ¹).
1060 1317 1123 1361 sic
1154 1317 1230 1374 qm·
1263 1317 1466 1374 loquitur
1507 1316 1692 1360 deorum
1724 1315 1819 1360 sive
1850 1315 1980 1359 testi-

231 1390 426 1432 monium
477 1389 573 1433 sive
625 1389 841 1433 auxilium
885 1390 1022 1432 antea
1081 1387 1409 1445 imploraverat
1456 1386 1675 1444 simulque
1720 1401 1748 1430 a
1792 1385 1887 1430 deis
1935 1401 1982 1430 30

231 1459 413 1517 neglegi
457 1461 643 1517 questus
688 1462 801 1503 erat.
874 1459 984 1502 haec
1041 1458 1185 1515 igitur
1244 1457 1472 1501 sententia
1527 1459 1629 1501 erat
1683 1456 1778 1500 eius
1836 1455 1980 1514 quode

233 1530 389 1587 agitur
420 1545 604 1574 versus:
643 1532 778 1573 ποίαν
808 1529 1146 1585 παρεξελθοῦσα
1178 1529 1407 1583 δαιμόνων
1439 1529 1582 1583 δίκην,
1625 1528 1735 1570 ὥστε
1765 1532 1981 1582 περιορᾶν

233 1601 396 1652 αὐτοὺς
425 1601 608 1648 τοιαῦτά
639 1617 693 1656 με
732 1600 1012 1656 πάσχουσαν,
1067 1598 1186 1656 ‘quid
1217 1597 1415 1642 commisi
1445 1599 1540 1641 tam
1570 1611 1712 1654 grave
1742 1599 1795 1640 ut
1826 1596 1898 1640 dei
1929 1611 1980 1640 eo

232 1671 395 1715 offensi
424 1673 519 1715 tam
550 1670 740 1714 immane
772 1669 1038 1727 supplicium
1069 1671 1116 1713 et
1148 1668 1303 1712 videre
1341 1667 1518 1725 possint
1558 1670 1605 1711 et
1644 1667 1742 1725 pati
1754 1667 1785 1710 ’θ’
1846 1666 1980 1724 plane

217 1741 385 1785 ‘eadem
431 1740 610 1784 ratione
654 1740 773 1797 apud
815 1739 1098 1783 Herodotum
1143 1738 1228 1793 (VI
1260 1738 1329 1792 12)
1374 1738 1506 1781 Iones
1554 1752 1651 1780 cum
1691 1751 1719 1780 a
1756 1736 1978 1792 Dionysio

187 1857 190 1861 ,
231 1811 479 1854 Phocaensi
510 1809 741 1867 frequenti
772 1809 829 1853 ad
857 1808 1078 1867 proelium
1102 1807 1427 1852 exercitatione
1450 1808 1740 1860 vexarentur,
1773 1805 1979 1850 laborum

230 1881 278 1924 id
307 1896 447 1938 genus
478 1879 767 1938 impatientes
800 1878 1024 1923 aerumnis
1066 1881 1113 1922 et
1156 1877 1264 1922 solis
1297 1877 1448 1921 calore
1479 1876 1590 1921 fessi
1619 1879 1720 1920 τίνα
1751 1878 1979 1932 δαιμόνων

230 1951 439 2008 inquiunt
466 1951 745 2007 παραβάντες
769 1950 873 1992 τάδε
899 1949 1255 2005 ἀναπίμπλαμεν,
1282 1963 1371 1991 11011
1395 1950 1624 2004 tamquam
1650 1949 1821 1991 certam
1843 1961 1978 2004 quan-

229 2021 331 2066 dam
363 2021 538 2079 culpam
569 2021 616 2064 in
646 2020 752 2064 deos
780 2019 1056 2063 commissam
1078 2019 1183 2072 rati,
1218 2018 1295 2062 sed
1317 2017 1432 2062 talia
1452 2017 1558 2061 deos
1581 2017 1826 2061 admittere
1847 2031 1978 2074 posse

229 2092 460 2135 mirantes.
524 2091 734 2135 similiter
782 2090 918 2134 etiam
949 2089 1143 2134 Croesus
1187 2089 1233 2132 in
1279 2103 1390 2145 rogo
1433 2088 1709 2132 constitutus
1741 2087 1860 2145 apud
1891 2088 1978 2130 He-

230 2162 441 2205 rodotum
471 2162 510 2216 (I
541 2162 615 2218 87)
654 2161 821 2204 dicitur
864 2161 1175 2216 ἐπιβώσασθαι
1216 2161 1295 2202 τὸν
1330 2159 1584 2201 Ἀπόλλωνα
1625 2157 1979 2214 ἐπικαλεύμενος,

229 2237 275 2275 εἴ
298 2235 345 2275 τί
371 2234 419 2276 οἱ
446 2231 767 2288 κεχαρισμένον
799 2231 842 2284 ἐξ
884 2230 1023 2274 αὐτοῦ
1065 2229 1297 2285 ἐδωρήθη,
1338 2234 1615 2284 παραστῆναι
1646 2227 1719 2270 καὶ
1750 2228 1976 2284 ῥύσασθαι

229 2304 366 2346 αὐτὸν
397 2302 445 2346 ἐκ
474 2310 556 2346 τοῦ
586 2304 833 2358 παρεόντος
862 2308 1014 2345 κακοῦ.
1076 2300 1162 2358 11113
1212 2299 1327 2343 0111111
1370 2298 1619 2342 hominibus
1662 2297 1735 2342 dei
1773 2298 1976 2356 priorum

229 2373 544 2418 beneficiorum
575 2387 792 2416 memores
824 2372 898 2415 vel
929 2371 1165 2415 remittere
1187 2370 1261 2414 vel
1282 2369 1426 2413 lenire
1449 2368 1597 2412 solent
1618 2382 1806 2425 poenam
1827 2382 1977 2425 quam-

230 2444 298 2488 vis
331 2443 551 2487 meritam.
613 2443 767 2500 itaque
794 2442 988 2487 Croesus
1020 2442 1164 2485 multa
1197 2456 1243 2484 30
1274 2440 1369 2483 deis
1401 2441 1512 2483 bene
1541 2438 1703 2482 fecisse
1733 2438 1975 2495 gloriatur,

229 2514 343 2558 nihil
380 2513 496 2557 male
539 2513 785 2570 Antigona.
862 2527 976 2570 quae
1018 2514 1259 2570 postquam
1306 2524 1475 2554 summa
1519 2523 1617 2552 cum
1659 2508 1910 2552 acerbitate
1950 2523 1977 2551 a

229 2584 324 2628 deis
355 2584 470 2627 nihil
501 2599 547 2628 se
579 2598 765 2642 sperare
795 2598 927 2641 posse
959 2583 1098 2636 dixit,
1146 2583 1323 2625 mutata
1364 2594 1473 2624 voce
1514 2578 1668 2636 pergit
1711 2578 1833 2622 ‘haec
1862 2592 1975 2635 quae

230 2654 339 2698 mihi
368 2654 581 2712 imposita
612 2656 718 2698 sunt
749 2654 788 2697 si
818 2653 886 2697 dis
919 2667 1082 2697 revera
1112 2652 1365 2710 probantur
1405 2650 1466 2705 (εἰ
1493 2649 1586 2692 τάδ’
1620 2647 1740 2691 ἐστὶν
1772 2647 1820 2691 ἐν
1850 2653 1977 2699 θεοῖς

226 2725 339 2768 καλά
378 2724 405 2767 1.
439 2740 475 2768 0.
520 2724 588 2767 dis
633 2723 875 2777 iudicibus,
933 2724 987 2766 cf.
1030 2739 1072 2766 v.
1105 2722 1190 2765 459
1233 2721 1281 2764 ἐν
1319 2726 1469 2764 θεοῖσι
1514 2720 1595 2775 τὴν
1637 2720 1768 2774 δίκην
1813 2719 1975 2761 δώσειν

227 2794 444 2851 ἔμελλον),
476 2794 628 2851 patiar
660 2808 773 2851 quae
804 2793 1018 2851 patienda
1049 2795 1154 2837 sunt
1185 2795 1232 2836 et
1262 2805 1478 2850 perpessa
1510 2789 1555 2845 (i.
1580 2804 1615 2833 e.
1642 2791 1747 2847 post
1769 2790 1973 2842 mortem,

227 2866 282 2909 ab
314 2864 424 2922 ipsis
455 2864 524 2907 dis
557 2863 733 2919 edocta)
780 2863 938 2906 forsan
977 2863 1084 2920 quid
1126 2861 1405 2920 peccaverim
1447 2873 1705 2916 agnoscam:
1754 2858 1824 2902 3111
1865 2872 1974 2901 vero

229 2934 344 2978 Creo
377 2933 607 2978 erraverit
637 2933 665 2976 i.
690 2949 726 2977 e.
751 2933 788 2976 si
819 2933 888 2977 dis
914 2933 1271 2990 improbantibus
1303 2930 1478 2984 fecerit,
1511 2945 1599 2973 non
1632 2928 1834 2973 severius
1867 2929 1973 2985 opto

325 3111 359 3157 1)
385 3111 456 3147 τίν’
477 3111 607 3147 αὐδᾶν
633 3110 718 3157 (χρή
739 3113 797 3156 με)
825 3111 1027 3156 ξυμμάχων
1052 3110 1187 3156 (θεῶν)
1214 3111 1237 3146 i.
1256 3111 1459 3154 ‘quemnam
1486 3109 1647 3143 invocem
1674 3117 1797 3142 eorum
1824 3107 1885 3151 qui
1910 3116 1975 3141 σω-

225 3168 348 3214 τήριοι
374 3171 431 3206 vel
457 3170 643 3217 σύμμαχοι
669 3171 845 3207 audiunt’.
897 3170 1023 3206 αὐδᾶν
1050 3171 1072 3206 i.
1099 3170 1280 3211 invocare,
1310 3173 1350 3205 ut
1375 3168 1504 3213 Eurip.
1531 3166 1608 3203 Ion.
1635 3168 1704 3203 906
1728 3164 1781 3212 ὠὴ
1807 3165 1874 3200 τὸν
1898 3168 1975 3202 Λα-

225 3234 312 3272 τοῦς
338 3229 454 3267 αὐδῶ.
