2280 3574
1096 217 1355 266 -4-

343 334 742 399 interpolatorem,
801 336 877 398 qui
930 340 998 384 sui
1056 339 1204 398 operis
1260 339 1370 384 fines
1415 338 1663 384 vaferrima
1708 340 1810 383 arte
1851 339 2002 384 effecit
2046 341 2098 386 ut

344 426 472 455 nemo
520 413 647 455 certa
688 410 868 454 ratione
917 410 1166 454 terminare
1209 410 1366 467 possit.
1438 409 1547 452 mihi
1593 424 1691 452 cum
1728 426 1842 455 unus
1882 410 2099 455 Lehrsius

343 481 555 526 videatur
589 481 840 525 orationem
873 495 900 524 a
930 480 1107 523 dicendi
1134 480 1296 524 saltem
1324 480 1503 523 ratione
1524 479 1803 537 probabilem
1826 480 2099 535 restituisse,

344 551 597 595 adscribam
641 550 794 607 qualia
834 550 914 593 ille
954 549 1234 607 Antigonam
1276 550 1473 593 locutam
1517 565 1614 593 esse
1657 550 1869 594 credebat
1911 551 2100 595 resectis

345 621 408 665 eis
441 636 555 678 quae
587 623 667 665 aut
699 620 855 678 spuria
885 622 1074 678 putaret
1118 622 1198 664 aut
1240 636 1338 664 cum
1384 620 1550 678 spuriis
1591 622 1686 664 tam
1716 623 1819 665 arte
1851 635 2019 664 conexa
2047 623 2100 664 ut

343 691 561 734 communi
592 691 724 735 ruina
756 690 889 735 eximi
919 690 1185 748 nequirent:

557 797 634 834 891
671 790 705 835 ὦ
737 793 917 848 τύμβος,
950 789 984 835 ὦ
1014 799 1250 848 νυμφεῖον,
1285 790 1318 835 ὦ
1350 793 1637 849 κατασκαφὴς

672 866 845 918 οἴκησις
875 861 1159 919 ἀείφρουρος,
1193 857 1240 905 οἷ
1267 863 1514 918 πορεύομαι

671 933 784 989 πρὸς
813 934 918 983 τοὺς
949 931 1151 988 ἐμαυτῆς,
1184 929 1248 976 ὧν
1279 932 1476 989 ἀριθμὸν
1508 932 1557 975 ἐν
1588 939 1765 989 νεκροῖς

671 1006 882 1047 πλεῖστον
914 1001 1114 1046 δέδεκται
1147 1002 1427 1060 Φερσέφασσ’
1461 1002 1715 1046 ὀλωλότων·

556 1077 636 1115 895
672 1070 735 1117 ὧν
766 1075 950 1117 λοισθία
982 1072 1067 1128 ἐγὼ
1098 1071 1171 1116 καὶ
1201 1073 1386 1117 κάκιστα
1417 1074 1473 1129 δὴ
1503 1081 1675 1130 μακρῶι

671 1144 856 1200 κάτειμι,
889 1145 997 1199 πρίν
1027 1159 1103 1199 μοι
1133 1151 1296 1201 μοῖραν
1328 1144 1499 1200 ἐξήκειν
1529 1146 1646 1199 βίου.

671 1214 870 1258 ἐλθοῦσα
899 1213 1052 1270 μέντοι
1083 1213 1201 1270 κάρτ’
1237 1214 1286 1258 ἐν
1317 1214 1493 1258 ἐλπίσιν
1522 1213 1671 1272 τρέφω

668 1287 777 1342 φίλη
807 1283 889 1341 μὲν
919 1285 1041 1340 ἥξειν
1071 1286 1217 1341 πατρί,
1249 1286 1503 1342 προσφιλὴς
1534 1283 1582 1328 δὲ
1614 1287 1699 1341 σοί,

668 1362 817 1412 μῆτερ,
851 1357 960 1411 φίλη
993 1353 1041 1398 δὲ
1073 1357 1157 1408 σοί,
1190 1357 1459 1411 κασίγνητον
1490 1355 1628 1412 κάρα·

557 1430 639 1467 900
672 1424 767 1469 ἐπεὶ
798 1427 1025 1476 θανόντας
1055 1425 1260 1482 αὐτόχειρ
1291 1426 1405 1482 ὑμᾶς
1435 1425 1520 1481 ἐγὼ

668 1498 832 1540 ἔλουσα
862 1496 1121 1552 κάκόσμησα
1151 1495 1476 1552 κάπιτυμβίους

668 1567 775 1622 χοὰς
805 1567 962 1611 ἔδωκα.
1023 1573 1110 1609 νῦν
1142 1565 1205 1622 δέ,
1239 1567 1525 1622 Πολύνεικες,
1557 1567 1606 1610 τὸ
1638 1568 1719 1611 σὸν

555 1640 635 1678 903
669 1636 805 1693 δέμας
835 1635 1186 1693 περιστέλλουσα
1216 1636 1354 1680 τοιάδ’
1389 1638 1606 1693 ἄρνυμαι·

556 1711 634 1748 921
669 1710 804 1750 ποίαν
835 1707 1175 1764 παρεξελθοῦσα
1207 1708 1435 1763 δαιμόνων
1467 1708 1623 1764 δίκην;

668 1780 714 1821 τί
741 1779 825 1835 χρή
855 1794 908 1834 με
939 1779 1021 1834 τὴν
1053 1778 1278 1834 δύστηνον
1310 1777 1354 1829 ἐς
1383 1780 1522 1829 θεοὺς
1552 1780 1616 1822 ἔτι

670 1848 867 1904 βλέπειν,
898 1849 976 1892 τίν’
1013 1847 1157 1891 αὐδᾶν
1187 1848 1446 1904 ξυμμάχων;
1482 1848 1580 1892 ἐπεί
1606 1865 1656 1905 γε
1688 1850 1744 1906 δὴ

668 1920 749 1974 τὴν
781 1918 1047 1975 δυσσέβειαν
1078 1918 1310 1974 εὐσεβοῦσ’
1344 1918 1605 1976 ἐκτησάμην.

557 1993 636 2030 925
672 1989 766 2032 ἀλλ’
799 1991 840 2032 εἰ
868 1987 950 2045 μὲν
983 1987 1066 2033 οὖν
1097 1989 1190 2032 τάδ’
1227 1988 1347 2032 ἐστὶν
1379 1989 1428 2032 ἐν
1458 1994 1586 2041 θεοῖς
1615 1990 1741 2045 καλά,

667 2061 892 2111 παθόντες
922 2059 977 2102 ἂν
1008 2060 1276 2115 ξυγγνοῖμεν
1312 2059 1628 2116 ἡμαρτηκότες·

671 2132 712 2173 εἰ
741 2129 779 2172 δ’
815 2129 897 2172 οἵδ’
933 2129 1253 2186 ἁμαρτάνουσι,
1286 2130 1346 2185 μὴ
1377 2132 1514 2172 πλείω
1545 2131 1657 2173 κακὰ

673 2200 866 2243 πάθοιεν
897 2199 923 2255 ἢ
955 2198 1028 2242 καὶ
1061 2200 1229 2256 δρῶσιν
1261 2199 1445 2250 ἐκδίκως
1477 2199 1564 2256 ἐμέ.

348 2311 531 2355 brevem
561 2310 676 2354 hauc
705 2310 832 2354 ultra
861 2309 1039 2353 modum
1062 2324 1160 2353 esse
1184 2308 1435 2353 orationem
1456 2309 1680 2364 concedes,
1714 2324 1846 2367 quam
1867 2309 2097 2354 Nauckius

350 2396 456 2425 sane
488 2381 659 2425 duobus
693 2380 830 2425 etiam
861 2380 963 2424 aliis
995 2380 1203 2424 versibus
1237 2380 1352 2436 (922.
1381 2380 1454 2437 23)
1486 2380 1751 2425 curtandam
1782 2379 1968 2434 censuit,
1988 2395 2098 2424 ,sen-

346 2451 522 2509 tiesque
544 2454 722 2495 tantam
740 2452 983 2495 verborum
1003 2451 1276 2508 parcitatem
1306 2453 1570 2509 tantamque
1593 2451 1921 2495 sententiarum
1942 2449 2098 2494 ieiuni-

346 2523 492 2565 tatem
522 2537 549 2565 a
581 2521 813 2579 Sophoclis
845 2521 1023 2579 pariter
1066 2521 1246 2578 ingenio
1287 2521 1535 2565 abhorrere
1575 2523 1712 2578 atque
1743 2535 1771 2564 a
1801 2536 1953 2564 rerum
1994 2535 2097 2578 pro-

344 2592 608 2636 babilitate:
664 2591 913 2635 moriturae
967 2591 1083 2635 enim
1126 2592 1268 2636 verba
1310 2594 1416 2636 sunt
1460 2594 1506 2636 et
1546 2590 1757 2635 iniuriam
1802 2590 1887 2635 sibi
1928 2591 2098 2634 factam

345 2677 443 2706 esse
472 2662 825 2720 perseverantis.
888 2661 1096 2706 desidero
1128 2664 1291 2720 poetae
1332 2664 1480 2707 artem
1519 2661 1787 2717 uberiorem,
1828 2676 1965 2718 aegre
1996 2661 2096 2704 fero

346 2732 598 2776 orationem
627 2735 723 2777 tam
755 2731 987 2790 splendide
1019 2747 1226 2777 exorsam
1255 2735 1351 2777 tam
1381 2733 1545 2778 misere
1576 2734 1820 2778 cadentem.
1880 2732 1958 2777 sed
1988 2731 2097 2775 haec

345 2803 466 2847 levia
485 2803 715 2861 plerisque
734 2803 1023 2857 videbuntur,
1057 2818 1324 2860 quamquam
1355 2804 1476 2848 levia
1506 2819 1603 2849 esse
1636 2819 1718 2862 ego
1749 2819 1839 2848 non
1861 2802 2097 2847 concedam

346 2888 459 2930 quae
501 2889 555 2917 ex
595 2874 736 2931 ipsius
777 2876 939 2932 poetae
983 2872 1163 2930 ingenio
1209 2876 1430 2931 petuntur
1472 2877 1752 2931 argumenta.
1823 2873 1968 2931 igitur
2007 2886 2097 2916 non

345 2958 432 3001 quo
463 2944 592 2987 modo
634 2944 712 2989 sed
755 2944 863 3002 quid
903 2943 1073 2988 dixerit
1104 2943 1340 3001 Antigona
1382 2945 1626 2989 videamus.
1690 2943 1980 2989 ‘moriendum
2011 2944 2094 2997 est,

344 3015 512 3074 inquit,
557 3031 696 3074 eoque
740 3015 932 3059 eundum
975 3029 1061 3072 quo
1104 3015 1238 3071 pater
1279 3029 1365 3072 quo
1406 3018 1552 3060 mater
1599 3030 1686 3073 quo
1729 3015 1880 3059 frater
1931 3012 2098 3057 dudum

345 3087 519 3131 ierunt:
554 3102 716 3145 sequor
748 3102 831 3144 ego
862 3086 1026 3130 ultima
1055 3085 1276 3143 longeque
1307 3086 1562 3131 miserrima
1593 3088 1718 3131 sorte
1748 3100 1842 3130 usa.
1906 3083 1985 3129 sed
2014 3083 2098 3126 hoc

346 3157 487 3201 habeo
521 3157 749 3202 solaminis
781 3156 900 3214 quod
930 3156 1039 3200 meis
1071 3158 1209 3212 grata
1231 3158 1278 3199 et
1299 3160 1484 3215 accepta
1504 3157 1692 3211 veniam,
1727 3157 1886 3214 quibus
1919 3155 2097 3214 quidem

345 3244 444 3273 mea
482 3243 616 3273 manu
660 3242 869 3287 suprema
909 3226 1059 3271 officia
1087 3226 1160 3286 pie
1192 3241 1243 3271 ac
1282 3227 1373 3272 rite
1415 3227 1726 3287 persolverim.
1789 3228 1876 3272 tibi
1907 3241 2093 3285 quoque,
