2280 3574
942 223 1228 274 -21-

216 344 389 392 laniato
439 348 653 402 offensos,
709 346 822 392 nihil
874 346 999 393 iubet
1053 346 1142 392 nisi
1186 348 1239 392 ut
1282 345 1406 392 iusta
1451 347 1686 406 sepultura
1730 348 1960 407 Polynicis

214 419 413 462 membra
432 418 766 476 impertiantur.
814 419 897 462 hoc
917 434 1026 463 vero
1047 420 1287 477 postquam
1309 419 1423 463 Creo
1444 419 1671 463 facturum
1702 435 1749 464 se
1773 420 1961 464 fortiter

213 488 422 545 negavit,
464 490 562 531 tum
600 489 752 533 divino
791 491 1020 547 tamquam
1059 489 1237 534 numine
1268 489 1510 534 instinctus
1543 492 1673 534 vates
1714 490 1828 534 talia
1858 505 1960 548 pro-

213 558 341 602 fatur
373 558 542 618 (1064):

537 647 629 690 ἀλλ’
663 646 714 692 εὖ
743 648 797 704 γε’
823 655 891 693 τοι
921 649 1102 692 κάτισθι
1132 650 1192 705 μὴ
1222 652 1417 701 πολλοὺς
1448 651 1511 693 ἔτι

536 721 724 774 τροχοὺς
753 719 1050 776 ἁμιλλητῆρας
1079 720 1211 775 ἡλίου
1240 723 1393 776 τελῶν,

536 787 584 831 ἐν
616 784 705 832 οἶσι
735 797 824 833 τῶν
854 798 947 833 σῶν
977 790 1111 841 αὐτὸς
1141 790 1188 833 ἐκ
1219 791 1485 847 σπλάγχνων
1515 780 1594 833 ἕνα

537 858 674 902 νέκυν
704 867 874 916 νεκρῶν
905 860 1094 916 ἀμοιβὸν
1125 860 1335 912 ἀντιδοὺς
1365 863 1476 916 ἔσηι,

538 928 639 972 ἀνθ’
674 927 738 973 ὧν
767 932 880 987 ἔχεις
908 928 990 985 μὲν
1020 938 1110 973 τῶν
1140 931 1232 973 ἅνω
1263 932 1414 986 βαλὼν
1444 931 1560 973 κάτω

534 1001 684 1056 ψυχήν
712 999 748 1043 τ’
781 999 944 1056 ἀτίμως
974 999 1023 1043 ἐν
1052 1001 1196 1057 τάφωι
1228 1002 1504 1052 κατώικισας,

534 1070 647 1125 ἔχεις
677 1068 726 1112 δὲ
754 1077 844 1113 τῶν
872 1070 1076 1113 κάτωθεν
1107 1070 1260 1114 ἐνθάδ’
1294 1068 1351 1114 αὖ
1380 1075 1503 1114 θεῶν

535 1139 738 1195 ἄμοιρον,
771 1139 1042 1196 ἀκτέριστον,
1073 1140 1258 1184 ἀνόσιον
1288 1140 1441 1184 νέκυν·

534 1206 598 1252 ὧν
629 1210 730 1252 οὔτε
761 1209 832 1253 σοὶ
861 1209 1063 1266 μέτεστιν
1094 1212 1196 1254 οὔτε
1226 1219 1320 1262 τοῖς
1350 1212 1442 1254 ἅνω

531 1283 723 1335 θεοῖσιν,
755 1271 847 1322 ἀλλ’
881 1279 928 1323 ἐκ
960 1287 1043 1324 σοῦ
1072 1281 1296 1336 βιάζονται
1326 1281 1443 1323 τάδε.

213 1365 378 1420 ‘fih'um,
411 1367 571 1424 inquit,
603 1370 831 1411 mortuum
860 1368 986 1412 dabis
1013 1384 1096 1427 pro
1123 1369 1327 1423 mortuis,
1360 1384 1549 1426 quorum
1579 1369 1776 1413 alterum
1806 1369 1959 1413 vivum

211 1435 258 1479 in
290 1436 494 1494 sepulcro
527 1437 769 1481 condidisti
798 1438 842 1496 (i.
876 1453 911 1482 e.
943 1438 1252 1495 Antigonam),
1298 1439 1495 1483 alterum
1524 1441 1750 1482 mortuum
1780 1438 1956 1482 inferiis

208 1505 406 1563 privasti
435 1506 480 1564 (i.
514 1522 549 1551 e.
582 1507 874 1565 Polynicen)'.
937 1508 1096 1566 quibus
1127 1508 1256 1552 addit
1293 1509 1340 1552 in
1370 1509 1631 1553 universum
1663 1509 1829 1553 dictam
1861 1524 1956 1552 sen-

211 1576 403 1620 tentiam
433 1577 604 1634 (1080):

531 1666 689 1724 ἐχθραὶ
722 1667 770 1711 δὲ
798 1674 933 1712 πᾶσαι
964 1669 1344 1725 συνταράσσονται
1376 1671 1528 1720 πόλεις

531 1737 650 1781 ὅσων
681 1738 952 1794 σπαράγματ’
984 1738 1011 1794 ἢ
1041 1740 1173 1790 κύνες
1202 1742 1484 1795 καθήγνισαν

530 1807 557 1863 ἢ
587 1812 728 1864 θῆρες
756 1810 785 1864 ἤ
813 1825 881 1860 τις
909 1811 1075 1865 πτηνὸς
1105 1811 1265 1860 οἰωνὸς
1295 1809 1446 1866 φέρων

532 1877 717 1921 ἀνόσιον
749 1878 891 1934 ὀσμὴν
922 1878 1152 1935 ἑστιοῦχον
1183 1879 1228 1931 ἐς
1257 1879 1445 1935 πόλινῙ).

208 1965 292 2008 hoc
320 1965 464 2022 igitur
495 1968 638 2030 caputa
662 1968 732 2010 est
764 1966 995 2021 orationis,
1027 1968 1154 2012 nefas
1178 1983 1275 2012 esse
1296 1968 1570 2026 insepultum
1591 1983 1770 2012 manere
1795 1983 1955 2026 corpus

210 2036 446 2078 mortuum.
509 2035 557 2078 in
586 2035 865 2093 Antigonam
903 2052 1012 2081 vero
1054 2038 1139 2082 scit
1179 2038 1356 2095 quidem
1388 2038 1587 2083 Tiresias
1628 2053 1760 2095 quam
1802 2053 1958 2082 severe

209 2105 427 2148 statuerit
464 2121 566 2159 rex,
610 2108 656 2149 et
699 2106 924 2164 improbat
962 2122 1151 2165 poenam
1190 2123 1398 2164 gravem,
1444 2108 1522 2152 sed
1558 2108 1691 2164 longe
1734 2109 1863 2151 abest
1904 2110 1955 2151 ut

210 2174 510 2231 patrocinium
558 2175 750 2232 virginis
798 2176 1013 2234 suscipiat
1058 2177 1133 2221 vel
1188 2180 1344 2221 sancta
1397 2178 1582 2221 deorum
1626 2177 1728 2221 iura
1772 2178 1827 2221 ab
1875 2177 1957 2221 illa

212 2243 394 2300 egregie
425 2244 612 2289 defensa
643 2261 740 2289 esse
770 2246 1014 2303 praedicet.
1075 2262 1164 2290 non
1194 2250 1324 2291 curat
1354 2247 1614 2304 Antigonae
1646 2248 1835 2301 sortem,
1878 2247 1956 2291 sed

210 2311 326 2356 Creo
359 2313 478 2370 quod
507 2313 675 2358 iniuste
706 2314 827 2369 fecit,
859 2315 942 2359 hoc
972 2315 1109 2360 dolet.
1172 2317 1286 2360 Creo
1331 2317 1447 2360 enim
1486 2316 1695 2374 quicquid
1726 2318 1796 2360 est
1829 2316 1953 2360 Tire-

210 2381 302 2425 siae
334 2381 468 2426 debet
498 2383 678 2439 gratiae
709 2399 760 2428 ac
790 2383 1014 2440 beneficio,
1047 2387 1123 2443 qui
1153 2387 1249 2444 ipse
1271 2386 1420 2444 (1058)
1451 2387 1495 2439 ἐξ
1524 2386 1633 2442 ἐμοῦ
1663 2387 1760 2443 γὰρ,
1792 2386 1952 2444 inquit,

208 2450 331 2507 τήνδ’
368 2453 481 2508 ἔχεις
526 2454 673 2504 σώσας
714 2456 858 2498 πόλιν.
920 2455 1074 2513 itaque
1115 2456 1268 2500 occisis
1302 2456 1462 2514 Oedipi
1499 2455 1605 2500 filiis
1638 2456 1840 2501 Tiresiae
1879 2471 1953 2500 au-

302 2628 340 2674 1)
366 2628 458 2664 miro
484 2628 590 2664 modo
618 2630 710 2665 haec
735 2631 846 2666 verba
872 2632 1110 2676 interpretari
1137 2634 1256 2668 solent
1282 2633 1408 2678 (etiam
1435 2631 1551 2667 Bethe
1575 2632 1631 2667 De
1654 2642 1763 2667 carm.
1789 2631 1951 2667 Theban.

208 2699 243 2732 p.
270 2687 345 2733 97),
382 2693 566 2733 tamquam
592 2689 814 2734 reliquarum
840 2701 981 2736 quoque
1008 2693 1196 2727 civitatum
1222 2703 1338 2737 reges,
1382 2692 1443 2737 qui
1472 2692 1517 2727 ad
1546 2691 1691 2727 Thebas
1717 2692 1954 2727 constiterint

206 2744 376 2793 (ἐχθραί)
403 2753 439 2783 et
464 2748 676 2792 occiderint,
702 2750 906 2794 insepultos
932 2752 1098 2787 relictum
1125 2753 1171 2787 iri
1184 2741 1347 2788 Tiresias
1374 2751 1611 2796 praedixerit.
1656 2762 1748 2796 quae
1772 2751 1953 2796 quomodo

206 2817 288 2841 cnm
324 2807 378 2842 eis
413 2818 507 2852 quae
545 2806 764 2843 antecedunt
791 2814 921 2845 coeant
955 2821 1027 2846 non
1066 2812 1249 2856 intellego.
1311 2812 1411 2847 ‘deos
1449 2810 1607 2853 inferos,
1643 2811 1780 2856 inquit,
1817 2811 1953 2846 'iniuria

205 2865 381 2902 affecisti:
419 2871 617 2912 propterea
655 2866 833 2904 funeralis
871 2869 1084 2906 lamentatio
1123 2876 1222 2907 tuam
1260 2872 1332 2908 iam
1371 2871 1515 2907 domum
1554 2870 1762 2915 complebit.
1826 2881 1949 2906 omnes

205 2930 327 2961 autem
352 2926 498 2962 omnino
524 2927 633 2962 urbes
659 2926 870 2964 infortuniis
896 2930 1108 2966 conturbari
1147 2931 1266 2967 solent
1303 2931 1359 2967 dis
1393 2930 1551 2975 invisae,
1587 2930 1649 2965 ubi
1674 2940 1835 2976 corpora
1859 2941 1953 2965 mor-

203 2989 349 3021 tuorum
375 2995 397 3020 a
422 2986 575 3021 canibus
601 2986 657 3022 vel
692 2987 898 3024 vulturibus
936 2988 1115 3025 dilaniata
1148 2991 1239 3027 vivis
1279 2990 1459 3035 sepulcris
1493 2989 1724 3025 conduntur&
1777 2989 1952 3025 audacter

209 3043 345 3079 dictum
372 3042 468 3080 ὅσων
493 3044 743 3091 σπαράγματα
765 3047 794 3082 i.
820 3057 850 3082 e.
889 3045 986 3083 ὅσων
1018 3048 1066 3084 τὰ
1104 3049 1255 3095 σώματα
1288 3049 1363 3085 ὑπὸ
1401 3054 1526 3085 κυνῶν
1551 3046 1575 3094 ἢ
1601 3051 1733 3094 θηρῶν
1758 3046 1781 3093 ἢ
1808 3047 1952 3084 οἰωνῶν

206 3101 494 3149 σπαραττόμενα
527 3107 819 3151 καθαγνίζεται,
859 3107 921 3142 sed
956 3109 1126 3152 quoniam
1164 3109 1208 3144 de
1246 3109 1485 3145 cadaveribus
1523 3109 1651 3153 agitur
1690 3113 1806 3153 neque
1843 3119 1951 3144 canes

205 3164 362 3208 avesque
380 3163 614 3208 ’σπαράττειν
638 3172 792 3209 possunt
832 3167 903 3201 nisi
940 3167 1138 3212 cadavera,
1179 3168 1288 3204 facilc
1326 3168 1484 3204 feremus
1510 3179 1529 3204 e
1553 3168 1663 3203 verbo
1700 3168 1950 3212 praedicativo

206 3221 433 3267 σπαράττειν
459 3225 653 3268 repetitum
680 3236 808 3261 nomen
835 3226 1101 3263 substantivum
1127 3227 1387 3274 σπαράγματα.
