2280 3574
938 234 1224 280 ...11—

207 354 494 414 quantumvis
525 352 777 399 insontibus
801 352 955 398 Iovem
975 351 1140 411 reliqui
1167 351 1340 407 fecisse,
1372 350 1486 397 nihil
1505 351 1624 410 quod
1644 351 1810 407 doleat,
1840 351 1955 398 nihil

208 426 327 485 quod
357 427 596 479 funestum,
630 424 749 481 quod
777 426 932 481 turpe,
976 422 1094 481 quod
1135 422 1366 480 indignum
1397 422 1482 477 sit,
1527 422 1641 466 nihil
1671 439 1726 467 ex
1755 423 1824 468 his
1856 439 1954 468 esse

208 496 316 554 quin
357 495 442 540 sibi
480 494 657 553 pariter
699 509 751 538 ac
792 493 939 537 sorori
969 508 996 536 a
1026 493 1135 537 Iove
1165 493 1213 536 in
1250 493 1452 537 rationes
1483 493 1713 537 inductum
1744 493 1816 537 sit.
1863 494 1953 538 fer-

207 569 287 611 vet
316 565 550 621 Antigona
579 564 650 608 ira
682 563 837 607 dolore
883 562 1008 616 odio,
1054 563 1204 607 verbis
1245 563 1393 607 utitur
1425 563 1650 607 ferocibus
1680 563 1843 620 iniquis
1875 563 1953 606 im-

207 635 317 694 piis:
368 636 538 678 ‘nostro
571 634 731 691 capite,
772 632 939 691 inquit,
988 647 1085 675 cum
1127 633 1248 677 solae
1291 633 1561 691 superstites
1603 633 1763 686 simus,
1806 633 1953 690 patris

209 705 383 763 culpam
426 703 575 761 perlui
619 703 691 747 dei
736 703 988 747 voluerunt'
1003 703 1050 759 ¹).
1124 706 1170 747 et
1222 718 1486 761 quamquam
1541 703 1681 747 omnis
1735 703 1954 747 malorum

209 774 336 832 copia
377 773 597 818 exhausta
635 773 867 827 videatur,
914 775 1064 816 tamen
1106 788 1270 818 novum
1308 788 1424 816 nunc
1463 773 1702 817 accessisse
1742 773 1954 817 Creontis

209 844 422 889 edictum:
466 841 493 899 ἦ
535 855 584 886 σε
624 843 840 886 λανθάνει
879 843 991 899 πρὸς
1030 845 1136 893 τοὺς
1176 845 1337 898 φίλους
1378 845 1605 900 στείχοντα
1645 851 1735 886 τῶν
1776 842 1953 898 ἐχθρῶν

209 914 344 966 κακᾶς
388 928 471 971 pro
514 912 644 956 hoste
684 913 821 956 habet
861 912 1100 956 Creontem
1143 912 1386 970 hostilique
1429 928 1540 970 erga
1582 912 1741 970 Oedipi
1781 912 1954 970 prolem

210 983 355 1027 animo
377 982 603 1026 incensum
626 997 723 1026 eum
746 982 943 1026 vetuisse
965 982 1242 1035 criminatur,
1275 998 1330 1026 ne
1351 982 1582 1039 Polynicis
1607 982 1769 1026 fratris
1792 996 1953 1039 corpus

211 1052 496 1110 sepeliretur.
545 1052 641 1095 odit
662 1052 880 1096 hominem
901 1067 1107 1096 severum
1129 1054 1175 1095 et
1196 1051 1411 1096 iniustum
1443 1053 1538 1109 (τὸν
1558 1052 1733 1108 ἀγαθὸν
1754 1050 1953 1107 Κρέοντα

210 1139 253 1167 v.
295 1122 393 1176 31),
438 1137 527 1165 non
566 1121 922 1165 Labdacidarum
963 1122 1179 1178 sanguine
1222 1121 1390 1165 editum
1434 1122 1511 1166 sed
1553 1121 1713 1165 matris
1759 1122 1953 1165 fratrem

210 1192 397 1249 ideoque
427 1191 553 1248 regio
585 1191 760 1235 nomine
790 1206 878 1235 non
907 1191 1090 1248 dignum
1120 1192 1217 1246 (τὸν
1249 1194 1495 1248 στρατηγόν
1525 1194 1659 1236 vocat
1689 1207 1731 1235 v.
1762 1191 1818 1245 8),
1860 1205 1952 1234 cer-

209 1264 391 1319 tumque
434 1261 476 1305 ei
514 1261 678 1304 dudum
716 1263 786 1305 est
825 1263 872 1304 et
911 1260 1210 1305 deliberatum
1241 1262 1300 1314 (v.
1331 1262 1405 1316 37)
1437 1261 1647 1305 iniuriam
1686 1263 1732 1305 et
1777 1260 1862 1304 sibi
1906 1263 1953 1304 et

211 1331 353 1375 fratri
382 1331 551 1375 factam
580 1330 747 1374 ulcisci.
809 1331 1052 1374 contenmit
1083 1331 1204 1387 regis
1237 1331 1454 1385 edictum,
1502 1331 1747 1389 ‘sepeliam‚
1792 1330 1951 1387 inquit,

211 1401 416 1445 fratrem’
451 1401 509 1457 (v.
533 1401 618 1457 72).
668 1400 991 1444 contumaciter
1013 1401 1306 1444 obsistentem
1336 1400 1536 1444 videmus
1567 1400 1790 1457 virginem
1818 1400 1954 1457 longa

211 1470 493 1515 miseriarum
542 1470 659 1514 serie
711 1471 1034 1515 exacerbatam.
1111 1470 1320 1528 opposuit
1364 1473 1501 1528 poeta
1545 1485 1746 1515 sororem
1792 1469 1951 1514 sorori.

212 1540 365 1585 eadem
395 1540 542 1584 omnia
570 1555 706 1598 passa
736 1543 806 1584 est
835 1539 1012 1584 Ismena
1043 1540 1121 1584 sed
1151 1540 1241 1583 alio
1284 1541 1431 1584 omnia
1460 1541 1555 1584 fert
1586 1541 1744 1585 animo.
1804 1541 1951 1599 patris

214 1609 374 1654 matris
405 1610 594 1667 denique
624 1610 822 1654 fratrum
851 1610 1087 1654 horrendis
1120 1610 1294 1653 casibus
1335 1625 1424 1653 non
1454 1612 1648 1655 efferata
1677 1614 1748 1655 est
1779 1611 1858 1656 sed
1887 1612 1952 1655 af-

212 1680 337 1724 flicta
367 1683 414 1724 et
444 1680 686 1724 debilitata
720 1680 810 1736 (vv.
835 1680 888 1723 11
908 1695 1001 1737 sqq.
1032 1681 1089 1724 49
1110 1679 1246 1736 sqq.)‚
1290 1680 1403 1723 nihil
1441 1681 1559 1737 quod
1600 1683 1796 1735 metuat,
1841 1680 1954 1724 nihil

212 1749 331 1808 quod
361 1752 514 1807 speret
545 1765 779 1807 superesse
817 1750 902 1793 sibi
941 1750 1141 1793 molliter
1172 1749 1405 1806 queritur;
1450 1750 1658 1808 quicquid
1689 1753 1848 1794 contra
1877 1765 1953 1794 au-

215 1819 342 1874 deat,
389 1819 547 1876 augeri
575 1819 741 1863 malum
771 1819 1031 1863 insanabile.
1093 1819 1211 1877 quod
1251 1835 1353 1874 rex,
1398 1820 1518 1877 quod
1559 1820 1721 1864 civitas
1766 1820 1953 1864 iusserit

211 1890 271 1946 (v.
301 1889 370 1932 44.
401 1889 471 1932 47.
503 1889 571 1932 60.
605 1890 674 1933 67.
706 1889 801 1946 79),
847 1891 1048 1933 sanctum
1090 1890 1239 1933 habet.
1311 1889 1425 1933 nihil
1468 1890 1592 1934 aliud
1632 1890 1778 1935 voluit
1818 1892 1954 1948 poeta

213 1958 302 2004 nisi
331 1961 384 2003 ut
421 1959 552 2003 ferox
581 1959 841 2016 Antigonae
882 1959 1107 2016 ingenium
1140 1974 1238 2003 cum
1267 1959 1368 2004 miti
1399 1960 1568 2004 sororis
1609 1960 1800 2005 lenitate
1840 1975 1951 2003 com-

311 2107 348 2151 1)
372 2105 581 2141 admirabili
604 2116 684 2141 cum
720 2109 800 2141 arte
835 2110 945 2150 poeta
979 2106 1125 2151 penitus
1162 2111 1379 2142 commotum
1411 2107 1568 2142 animum
1595 2107 1715 2143 verbis
1741 2118 1953 2152 repraesen-

214 2165 327 2211 tavit3
362 2165 577 2201 recitantem
611 2165 729 2210 fingas
763 2164 869 2200 modo
901 2165 1105 2201 intercluso
1136 2176 1251 2210 paene
1285 2166 1392 2201 modo
1417 2166 1666 2203 vehementius
1697 2170 1780 2202 acto
1806 2167 1951 2212 spiritu.

213 2224 305 2259 nihil
330 2223 447 2259 dicam
482 2225 526 2260 de
559 2225 696 2270 duplici
731 2224 924 2268 negatione
957 2236 989 2260 v.
1016 2227 1050 2260 4.
1076 2227 1096 2260 5
1134 2225 1203 2260 οὐκ
1229 2223 1299 2260 ἔστ’
1328 2225 1464 2261 ὁποῖον
1489 2225 1533 2260 οὐ
1560 2232 1633 2262 τῶν
1659 2231 1735 2261 σῶν
1758 2239 1797 2262 τε
1823 2226 1954 2272 κάμῶν

213 2282 282 2318 οὐκ
308 2281 428 2318 dnm?
457 2280 526 2328 ἐγὼ
552 2289 692 2328 κακῶν,
727 2284 948 2319 simillimum
981 2284 1074 2318 enim
1101 2289 1157 2319 est
1180 2284 1277 2329 quod
1305 2285 1526 2329 interpretes
1552 2286 1756 2320 attulerunt
1784 2286 1953 2331 Aeschyli

212 2343 417 2387 exemplum
442 2344 570 2385 Agam.
599 2345 691 2378 1634
717 2340 758 2382 ὃς
783 2342 863 2386 οὐκ,
890 2338 1020 2388 ἐπειδὴ
1045 2343 1147 2379 τῶιδ’
1172 2340 1392 2390 ἐβούλευσας
1416 2342 1545 2389 μόρον,
1571 2345 1708 2388 δρᾶσαι
1733 2343 1815 2380 τόδ’
1845 2342 1954 2390 ἔργον

212 2401 282 2437 οὐκ
308 2399 414 2446 ἔτλης
439 2400 692 2446 αὐτοκτόνως,
731 2402 827 2446 quod
861 2413 999 2437 summa
1033 2414 1114 2438 cum
1140 2403 1391 2447 indignatione
1417 2403 1552 2438 dictum
1587 2409 1654 2438 est.
1705 2404 1769 2439 sed
1794 2403 1955 2440 eiusdem
1995 2403 1998 2407 ’

213 2461 322 2505 plane
346 2462 489 2505 generis
515 2467 572 2497 est
597 2461 693 2506 quod
718 2472 789 2496 non
824 2461 1010 2497 desierunt
1040 2463 1260 2497 coniecturis
1299 2462 1466 2506 pessimis
1502 2462 1679 2498 infestare
1714 2474 1746 2499 v.
1772 2465 1808 2499 2.
1833 2466 1854 2498 3
1893 2459 1952 2507 ἆρ’

214 2517 313 2555 οἷσθ’
342 2518 400 2555 ὅτι
428 2520 520 2560 Ζεὺς
543 2526 618 2556 τῶν
642 2518 706 2556 ἀπ’
737 2509 911 2555 Οἰδίπου·
927 2526 1065 2564 κακῶν,
1099 2520 1233 2556 ὁποῖον
1259 2520 1343 2566 οὐχὶ
1368 2527 1461 2556 νῶιν
1486 2518 1540 2556 ἔτι
1566 2521 1701 2563 ζώσαιν
1725 2524 1831 2557 τελεῖ.
1882 2522 1953 2558 duo

210 2583 296 2616 sunt
319 2580 522 2624 enuntiata,
562 2590 678 2626 neque
704 2590 748 2615 03
773 2581 811 2615 111
836 2591 945 2615 unum
971 2581 1166 2615 coniuncta
1192 2579 1254 2613 sed
1282 2580 1496 2624 anaphorae
1521 2580 1554 2615 vi
1580 2581 1740 2616 alterum
1763 2581 1809 2616 ab
1835 2583 1953 2618 altero

212 2643 404 2683 separata:
436 2638 510 2675 ‘dic
536 2649 617 2684 age,
643 2639 836 2684 quodnam,
868 2639 927 2674 dic
951 2639 1060 2685 quale
1084 2638 1230 2673 tandem
1257 2639 1389 2673 malum
1416 2648 1440 2673 3
1465 2638 1571 2674 nobis
1596 2638 1685 2675 deus
1711 2640 1954 2677 abstinuerit’.

211 2708 284 2733 non
321 2697 493 2733 differunt
531 2698 623 2733 haec
661 2709 793 2743 magno
828 2708 940 2743 opere
974 2698 1021 2733 ab
1056 2697 1406 2742 interrogationibus
1444 2708 1522 2733 cum
1553 2698 1588 2733 vi
1613 2699 1772 2744 quadam
1798 2700 1955 2744 iteratis,

215 2756 314 2792 velut
338 2756 428 2792 Oed.
447 2757 492 2793 R.
522 2758 613 2793 1098
638 2758 694 2798 τίς
718 2768 758 2793 σε
785 2754 930 2801 τέκνον,
966 2758 1023 2797 τίς
1048 2755 1080 2792 ⁰²
1108 2754 1225 2792 ἔτικτε
1254 2762 1325 2792 τᾶν
1349 2757 1601 2802 μακραιώνων
1625 2764 1757 2803 κορᾶν,
1794 2759 1857 2795 ubi
1883 2760 1956 2795 dici

215 2820 363 2860 poterut
387 2817 444 2856 τίς
467 2827 507 2852 σε
531 2814 678 2861 τέκνον,
703 2817 796 2852 ποία
823 2815 857 2852 α’
888 2814 1016 2861 ἔτικτε,
1043 2817 1097 2852 vel
1116 2817 1258 2852 Cratini
1284 2818 1320 2852 in
1341 2816 1514 2861 Lagoena
1538 2822 1619 2858 πῶς
1643 2830 1699 2858 τις
1725 2815 1853 2862 αὐτόν,
1878 2824 1957 2858 πῶς

216 2887 273 2915 τις
297 2871 349 2910 ἂν
372 2875 449 2911 ἀπὸ
474 2881 541 2911 τοῦ
565 2881 684 2912 ποτοῦ
708 2875 875 2911 παύσειε.
932 2876 1098 2911 variatur
1122 2876 1217 2911 enim
1255 2876 1403 2920 saepius
1430 2877 1467 2911 in
1493 2876 1745 2921 interrogandi
1771 2875 1956 2913 adverbiis

216 2933 292 2970 sive
317 2935 605 2980 pronominibus,
630 2942 670 2971 ut
694 2936 827 2972 Trach.
854 2937 923 2971 707
954 2933 1081 2971 πόθεν
1102 2934 1174 2980 γὰρ
1201 2934 1251 2971 ἄν
1275 2934 1377 2979 ποτ’,
1404 2933 1490 2970 ἀντὶ
1515 2939 1583 2970 τοῦ
1608 2933 1807 2979 θνήισκων
1833 2935 1853 2970 ὁ
1877 2934 1955 2980 θὴρ

214 2988 295 3038 ἐμοὶ
319 2991 471 3040 παρέσχ’
501 2994 717 3042 εὔνοιαν-01
742 2995 898 3031 similius
924 2995 1033 3030 etiam
1059 2995 1149 3031 Eur.
1175 2995 1311 3031 Phoen.
1337 2996 1408 3031 878
1442 2995 1482 3030 τί
1503 2994 1548 3030 οὐ
1574 2995 1686 3040 δρῶν,
1722 2998 1817 3030 ποῖα
1844 2994 1879 3030 δ’
1910 2995 1955 3030 οὗ

216 3047 331 3096 λέγων
354 3050 437 3097 ἔπη.
486 3064 602 3099 neque
634 3055 813 3090 interesse
845 3053 995 3090 multum
1028 3053 1172 3090 videtur
1209 3059 1331 3090 utrum
1369 3055 1560 3090 enuntiata
1597 3054 1864 3098 interrogativa
1898 3054 1954 3089 sui

215 3109 307 3145 iuris
331 3113 405 3147 sint
429 3123 476 3148 311
501 3123 524 3148 3
549 3113 687 3149 sciendi
713 3114 769 3149 vel
794 3113 939 3149 dicendi
965 3114 1075 3149 verbo
1101 3125 1293 3159 suspensa.
1340 3114 1464 3158 itaque
1499 3113 1591 3149 nihii
1626 3114 1663 3148 in
1693 3114 1826 3158 primis
1851 3113 1955 3148 Anti-

212 3179 329 3214 gonae
354 3172 517 3208 versibus
542 3174 708 3218 corrupti
734 3178 790 3208 est
817 3178 966 3217 praeter
999 3173 1174 3209 famosum
1211 3174 1300 3208 illud
1334 3171 1410 3208 οὔτ’
1439 3171 1531 3217 ἄτης
1555 3171 1664 3216 ἄτερ,
1707 3172 1803 3218 quod
1830 3172 1955 3208 vitium

215 3235 344 3266 nostro
369 3230 441 3266 iam
468 3233 613 3269 saeculo
638 3243 709 3269 non
736 3233 861 3269 datum
886 3232 1031 3269 videtur
1055 3234 1252 3279 corrigere.
