2196 3476
306 1010 376 1055 Ea
419 1026 551 1070 saepe
596 1013 740 1058 falsae
781 1013 1001 1072 opinionis
1041 1012 1110 1057 vis
1152 1014 1235 1067 est,
1276 1014 1329 1055 ut
1370 1026 1467 1056 cum
1495 1012 1689 1071 primum
1718 1016 1853 1059 acuta
1885 1017 1932 1059 et

192 1080 393 1139 speciosa
423 1084 817 1139 argumentatione
847 1083 1034 1127 defensa
1065 1082 1226 1136 fuerit,
1270 1097 1372 1125 mox
1403 1098 1558 1126 eorum
1587 1083 1665 1142 qui
1694 1084 1936 1142 plurimum

188 1150 324 1207 vulgo
374 1151 553 1206 valent,
576 1154 853 1198 auctoritate
900 1153 1186 1206 confirmata,
1243 1152 1432 1210 denique
1489 1155 1680 1212 propter
1724 1154 1935 1211 ignavam

186 1221 408 1278 quandam
450 1222 747 1280 plurimorum
788 1223 1107 1268 credulitatem
1145 1222 1283 1279 longa
1323 1223 1644 1267 consuetudine
1675 1224 1935 1270 inveterata

188 1290 324 1334 evelli
355 1291 444 1335 iam
473 1307 563 1336 non
592 1309 724 1351 posse
754 1293 978 1338 videatur.
1042 1292 1223 1350 obloqui
1254 1292 1294 1336 si
1323 1292 1422 1350 quis
1454 1293 1632 1348 audeat,
1673 1293 1829 1338 timide
1861 1296 1934 1338 ob-

184 1359 400 1417 loquitur,
441 1364 682 1408 communis
715 1364 934 1422 opinionis
966 1362 1253 1407 reverentior
1285 1377 1418 1420 quam
1449 1377 1567 1417 suae,
1611 1363 1679 1408 ita
1709 1367 1761 1408 ut
1791 1366 1935 1422 proba

185 1430 280 1474 eius
312 1435 580 1488 argumenta
610 1433 657 1477 in
687 1433 778 1478 levi
807 1433 965 1478 habita
995 1435 1075 1477 aut
1106 1432 1288 1477 silentio
1323 1432 1637 1491 opprimantur
1668 1437 1748 1478 aut
1780 1450 1932 1493 super-

186 1499 284 1544 bius
315 1502 371 1544 ab
402 1501 679 1546 adversariis
712 1502 986 1547 refutentur.
1048 1501 1357 1547 immodestiae
1387 1503 1588 1547 fortasse
1617 1503 1784 1548 crimen
1814 1505 1934 1563 apud

177 1569 350 1614 multos
397 1573 575 1615 merebo
622 1572 848 1629 equidem,
905 1572 944 1616 si
987 1572 1262 1616 confidenter
1303 1572 1659 1630 pronuntiavero
1699 1574 1934 1631 vulgatam

184 1639 283 1683 fere
328 1640 383 1684 de
424 1641 684 1698 Antigonae
725 1642 998 1700 Sophocleae
1045 1642 1250 1686 oratione
1296 1645 1500 1687 extrema
1545 1643 1796 1701 opinionem
1841 1659 1933 1688 cer-

183 1709 371 1754 tissimis
418 1711 670 1756 rationibus
717 1712 869 1757 refelli
912 1727 1068 1771 posse:
1116 1712 1311 1770 genuina
1357 1712 1473 1756 enim
1518 1728 1616 1757 esse
1663 1714 1810 1758 omnia
1852 1714 1934 1758 illa

184 1793 298 1836 quae
339 1783 447 1824 ante
493 1781 573 1826 hos
619 1782 821 1827 LXXVI
863 1797 1001 1827 annos
1047 1782 1219 1841 primus
1262 1782 1499 1839 Augustus
1542 1783 1731 1828 Iacobus
1780 1785 1935 1842 spuria

183 1848 413 1895 iudicavit.
477 1852 600 1896 cuius
640 1852 730 1897 viri
770 1853 998 1897 sententia
1038 1854 1278 1911 postquam
1319 1867 1416 1896 cum
1454 1867 1615 1911 magno
1648 1854 1929 1911 elegantissi-

184 1934 358 1963 morum
387 1921 612 1966 hominum
651 1923 814 1981 plausu
853 1926 1042 1981 excepta
1082 1925 1173 1978 est,
1218 1923 1351 1967 multi
1393 1923 1648 1968 extiterunt
1687 1924 1763 1981 qui
1801 1925 1930 1969 novis

186 1990 374 2035 subinde
403 1992 659 2037 adinventis
694 1993 1080 2037 criminationibus
1110 1996 1272 2052 poetae
1303 1994 1444 2037 verba
1469 2007 1582 2050 quae
1602 1994 1780 2038 tradita
1801 1997 1932 2038 erant

186 2065 581 2118 persequerentur.
643 2063 919 2107 incommoda
960 2079 1058 2108 esse
1098 2063 1356 2117 clamitant,
1401 2065 1532 2107 tanto
1571 2066 1709 2121 poeta
1749 2064 1935 2122 indigna

187 2130 381 2175 ridicula
411 2133 606 2190 puerilia
646 2135 694 2177 et
738 2133 776 2178 si
818 2133 926 2191 quid
964 2133 1151 2191 gravius
1191 2133 1280 2177 dici
1318 2134 1492 2191 potest3
1538 2133 1727 2178 succinit
1757 2134 1931 2188 chorus,

187 2201 351 2245 crescit
382 2203 706 2260 suffragiorum
747 2219 980 2258 numerus,
1026 2219 1169 2261 neque
1208 2203 1443 2260 quisquam
1482 2202 1570 2247 iam
1609 2204 1790 2261 quaerit
1828 2219 1934 2247 num

185 2272 348 2328 poetae
368 2274 562 2316 mentem
584 2276 632 2317 et
653 2274 886 2318 consilium
908 2275 1057 2319 severi
1077 2274 1245 2318 iudices
1270 2276 1395 2317 recte
1419 2274 1758 2332 perspexerint:
1789 2290 1932 2332 neque

187 2340 303 2384 enim
333 2341 467 2386 facile
497 2342 545 2386 in
574 2345 648 2387 tot
678 2344 903 2388 hominum
938 2344 1174 2389 doctorum
1205 2346 1422 2387 concentu
1459 2346 1506 2387 et
1536 2358 1753 2389 consensu
1784 2345 1933 2389 errari

184 2425 328 2468 posse.
390 2427 547 2456 verum
577 2413 756 2471 quidem
786 2417 857 2459 est
887 2415 1065 2458 minime
1096 2430 1231 2457 unum
1262 2429 1360 2458 esse
1403 2413 1596 2457 omnium
1634 2414 1690 2458 de
1720 2414 1802 2458 illa
1833 2429 1931 2459 ora-

183 2480 308 2525 tione
338 2481 561 2527 iudicium.
608 2485 796 2528 Iacobus
819 2485 935 2529 enim
956 2500 1054 2528 cum
1075 2500 1147 2529 vv.
1171 2484 1402 2528 905—913
1428 2484 1686 2539 delevisset,
1718 2484 1929 2529 audacius

184 2550 445 2597 Dindorfius
490 2556 638 2598 totam
682 2554 1051 2599 declamationem
1102 2569 1236 2612 quam
1277 2554 1389 2598 dicit
1434 2570 1506 2599 vv.
1550 2555 1782 2598 900-928
1824 2570 1931 2613 pau-

184 2619 379 2665 cioribus
410 2622 674 2679 quibusdam
700 2623 906 2668 versibus
938 2639 1046 2669 vere
1068 2623 1327 2682 Sophocleis
1358 2638 1387 2667 a
1411 2626 1568 2668 vetere
1599 2624 1931 2683 interpolatore

185 2691 480 2736 substitutam
523 2708 620 2737 esse
658 2694 983 2751 argutabatur‚
1026 2693 1243 2739 Lehrsius
1274 2694 1396 2738 inter
1427 2695 1668 2752 utrumque
1698 2697 1927 2752 tamquam

184 2761 354 2806 medius
385 2777 458 2807 vv.
491 2763 722 2807 904—920
752 2763 1006 2809 damnabat.
1079 2764 1281 2809 dubitari
1322 2763 1479 2821 nequit
1519 2764 1780 2809 Dindorfius
1824 2765 1931 2823 quin

185 2831 362 2875 modum
391 2847 600 2890 egressus
633 2834 706 2889 sit,
738 2835 926 2878 Iacobus
957 2834 1065 2892 quin
1096 2834 1209 2879 satis
1240 2849 1330 2878 non
1359 2834 1535 2889 fecerit,
1567 2834 1614 2878 in
1643 2835 1824 2879 Lehrsii
1854 2850 1925 2879 ra-

184 2900 308 2946 tione
338 2902 446 2959 quid
486 2903 771 2948 desideretur
813 2904 972 2948 statim
1010 2903 1271 2948 videbimus.
1342 2904 1389 2947 in
1427 2906 1558 2948 tanto
1604 2904 1748 2961 igitur
1789 2905 1928 2948 inter-

185 2974 365 3028 pretum
394 2973 600 3018 dissensu
629 2990 765 3018 unum
795 2977 867 3018 est
896 2974 943 3018 in
973 2989 1059 3032 quo
1102 2973 1386 3018 consentiant
1429 2974 1527 3018 fere
1570 2989 1741 3030 omnes,
1788 2975 1929 3018 inter-

184 3041 385 3098 polatam
415 3059 513 3088 esse
533 3044 793 3102 Antigonae
824 3044 1215 3089 ratiocinationem
1242 3059 1297 3088 ex
1317 3043 1542 3088 Herodoti
1562 3044 1618 3088 de
1637 3045 1928 3102 Intaphernis

184 3129 325 3160 uxore
356 3114 529 3161 famosa
557 3116 821 3162 narratione
853 3131 1111 3174 expressam
1140 3115 1233 3172 (111
1264 3115 1379 3171 118).
1442 3114 1653 3160 callidum
1682 3116 1926 3173 adgnosces

1548 3186 1607 3229 1*
