<?xml version="1.0" encoding="UTF-8"?>
<!DOCTYPE html PUBLIC "-//W3C//DTD XHTML 1.0 Transitional//EN"
    "http://www.w3.org/TR/xhtml1/DTD/xhtml1-transitional.dtd">
<html xmlns="http://www.w3.org/1999/xhtml" xml:lang="en" lang="en">
 <head>
  <title>
</title>
<meta http-equiv="Content-Type" content="text/html;charset=utf-8" />
  <meta name='ocr-system' content='tesseract 3.04.00' />
  <meta name='ocr-capabilities' content='ocr_page ocr_carea ocr_par ocr_line ocrx_word'/>
</head>
<body>
  <div class='ocr_page' id='page_1' title='image "./desophoclisantig00kaibuoft_0016.png"; bbox 0 0 2280 3574; ppageno 0'>
   <div class='ocr_carea' id='block_1_1' title="bbox 1110 226 1396 271">
    <p class='ocr_par' dir='ltr' id='par_1_1' title="bbox 1110 226 1396 271">
     <span class='ocr_line' id='line_1_1' title="bbox 1110 226 1396 271; baseline 0.007 -12"><span class='ocrx_word' id='word_1_1' title='bbox 1110 226 1396 271; x_wconf 77' lang='lat'>-12—</span> 
     </span>
    </p>
   </div>
   <div class='ocr_carea' id='block_1_2' title="bbox 372 341 2117 543">
    <p class='ocr_par' dir='ltr' id='par_1_2' title="bbox 372 341 2117 543">
     <span class='ocr_line' id='line_1_2' title="bbox 372 341 2117 403; baseline 0.005 -18"><span class='ocrx_word' id='word_1_2' title='bbox 372 342 584 399; x_wconf 87' lang='lat' dir='ltr'><strong>paratum</strong></span> <span class='ocrx_word' id='word_1_3' title='bbox 615 356 665 386; x_wconf 91' lang='lat' dir='ltr'><strong>eo</strong></span> <span class='ocrx_word' id='word_1_4' title='bbox 698 341 862 387; x_wconf 87' lang='lat' dir='ltr'><strong>clarius</strong></span> <span class='ocrx_word' id='word_1_5' title='bbox 895 342 1094 388; x_wconf 90' lang='lat' dir='ltr'><strong>eluceret</strong></span> <span class='ocrx_word' id='word_1_6' title='bbox 1125 345 1172 389; x_wconf 90' lang='lat' dir='ltr'><strong>et</strong></span> <span class='ocrx_word' id='word_1_7' title='bbox 1204 344 1433 389; x_wconf 74' lang='lat' dir='ltr'><strong>emineret.</strong></span> <span class='ocrx_word' id='word_1_8' title='bbox 1494 344 1729 403; x_wconf 80' lang='lat' dir='ltr'><strong>Antigona</strong></span> <span class='ocrx_word' id='word_1_9' title='bbox 1767 362 1847 391; x_wconf 91' lang='lat' dir='ltr'><strong>nec</strong></span> <span class='ocrx_word' id='word_1_10' title='bbox 1886 347 2117 393; x_wconf 86' lang='lat' dir='ltr'><strong>civitatem</strong></span> 
     </span>
     <span class='ocr_line' id='line_1_3' title="bbox 373 414 2117 475; baseline 0.005 -20"><span class='ocrx_word' id='word_1_11' title='bbox 373 414 504 456; x_wconf 89' lang='lat' dir='ltr'><strong>curat</strong></span> <span class='ocrx_word' id='word_1_12' title='bbox 534 427 615 456; x_wconf 89' lang='lat' dir='ltr'><strong>nec</strong></span> <span class='ocrx_word' id='word_1_13' title='bbox 645 428 817 470; x_wconf 89' lang='lat' dir='ltr'><strong>regem,</strong></span> <span class='ocrx_word' id='word_1_14' title='bbox 857 428 986 470; x_wconf 89' lang='lat' dir='ltr'><strong>quem</strong></span> <span class='ocrx_word' id='word_1_15' title='bbox 1016 417 1154 472; x_wconf 88' lang='lat' dir='ltr'><strong>negat</strong></span> <span class='ocrx_word' id='word_1_16' title='bbox 1185 415 1239 459; x_wconf 88' lang='lat' dir='ltr'><strong>de</strong></span> <span class='ocrx_word' id='word_1_17' title='bbox 1271 415 1334 459; x_wconf 86' lang='lat' dir='ltr'><strong>eis</strong></span> <span class='ocrx_word' id='word_1_18' title='bbox 1366 415 1464 460; x_wconf 90' lang='lat' dir='ltr'><strong>iure</strong></span> <span class='ocrx_word' id='word_1_19' title='bbox 1497 418 1700 461; x_wconf 88' lang='lat' dir='ltr'><strong>statuere</strong></span> <span class='ocrx_word' id='word_1_20' title='bbox 1730 432 1862 475; x_wconf 88' lang='lat' dir='ltr'><strong>posse</strong></span> <span class='ocrx_word' id='word_1_21' title='bbox 1893 432 2005 475; x_wconf 90' lang='lat' dir='ltr'><strong>quae</strong></span> <span class='ocrx_word' id='word_1_22' title='bbox 2036 434 2117 463; x_wconf 87' lang='lat' dir='ltr'><strong>sua</strong></span> 
     </span>
     <span class='ocr_line' id='line_1_4' title="bbox 373 481 1493 543; baseline 0.004 -18"><span class='ocrx_word' id='word_1_23' title='bbox 373 481 465 526; x_wconf 87' lang='lat' dir='ltr'><strong>sint</strong></span> <span class='ocrx_word' id='word_1_24' title='bbox 494 484 661 527; x_wconf 88' lang='lat' dir='ltr'><strong>natura</strong></span> <span class='ocrx_word' id='word_1_25' title='bbox 691 483 794 541; x_wconf 82' lang='lat'><strong>(48),</strong></span> <span class='ocrx_word' id='word_1_26' title='bbox 829 486 875 527; x_wconf 91' lang='lat' dir='ltr'><strong>et</strong></span> <span class='ocrx_word' id='word_1_27' title='bbox 905 484 973 528; x_wconf 89' lang='lat' dir='ltr'><strong>ita</strong></span> <span class='ocrx_word' id='word_1_28' title='bbox 1003 488 1352 542; x_wconf 73' lang='lat' dir='ltr'><strong>argumentatur</strong></span> <span class='ocrx_word' id='word_1_29' title='bbox 1382 486 1493 543; x_wconf 86' lang='lat'><strong>(71):</strong></span> 
     </span>
    </p>
   </div>
   <div class='ocr_carea' id='block_1_3' title="bbox 692 587 1766 1064">
    <p class='ocr_par' dir='ltr' id='par_1_3' title="bbox 692 587 1766 1064">
     <span class='ocr_line' id='line_1_5' title="bbox 1258 587 1600 643; baseline 0.003 -13"><span class='ocrx_word' id='word_1_30' title='bbox 1258 595 1409 632; x_wconf 81' lang='grc' dir='ltr'><strong><em>κεῖνον</em></strong></span> <span class='ocrx_word' id='word_1_31' title='bbox 1441 588 1479 630; x_wconf 82' lang='grc' dir='ltr'><strong>δ’</strong></span> <span class='ocrx_word' id='word_1_32' title='bbox 1515 587 1600 643; x_wconf 80' lang='grc' dir='ltr'><strong>ἐγὼ</strong></span> 
     </span>
     <span class='ocr_line' id='line_1_6' title="bbox 693 656 1733 713; baseline 0.005 -16"><span class='ocrx_word' id='word_1_33' title='bbox 693 656 849 707; x_wconf 76' lang='grc' dir='ltr'><em>θάψω·</em></span> <span class='ocrx_word' id='word_1_34' title='bbox 882 658 1021 699; x_wconf 85' lang='grc' dir='ltr'><strong><em>καλόν</em></strong></span> <span class='ocrx_word' id='word_1_35' title='bbox 1051 673 1127 712; x_wconf 88' lang='grc' dir='ltr'><strong>μοι</strong></span> <span class='ocrx_word' id='word_1_36' title='bbox 1157 664 1287 701; x_wconf 87' lang='grc' dir='ltr'><strong><em>τοῦτο</em></strong></span> <span class='ocrx_word' id='word_1_37' title='bbox 1320 659 1529 713; x_wconf 85' lang='grc' dir='ltr'><strong><em>ποιούσηι</em></strong></span> <span class='ocrx_word' id='word_1_38' title='bbox 1560 663 1733 702; x_wconf 77' lang='grc' dir='ltr'><strong><em>θανεῖν.</em></strong></span> 
     </span>
     <span class='ocr_line' id='line_1_7' title="bbox 698 726 1665 784; baseline 0.003 -16"><span class='ocrx_word' id='word_1_39' title='bbox 698 728 806 781; x_wconf 82' lang='grc' dir='ltr'><strong><em>φίλη</em></strong></span> <span class='ocrx_word' id='word_1_40' title='bbox 836 729 928 781; x_wconf 82' lang='grc' dir='ltr'><strong><em>μετ’</em></strong></span> <span class='ocrx_word' id='word_1_41' title='bbox 961 726 1099 770; x_wconf 89' lang='grc' dir='ltr'><strong><em>αὐτοῦ</em></strong></span> <span class='ocrx_word' id='word_1_42' title='bbox 1129 729 1344 783; x_wconf 86' lang='grc' dir='ltr'><em>κείσομαι,</em></span> <span class='ocrx_word' id='word_1_43' title='bbox 1378 731 1515 783; x_wconf 82' lang='grc' dir='ltr'><strong><em>φίλου</em></strong></span> <span class='ocrx_word' id='word_1_44' title='bbox 1545 727 1665 784; x_wconf 84' lang='grc' dir='ltr'><strong><em>μέτα,</em></strong></span> 
     </span>
     <span class='ocr_line' id='line_1_8' title="bbox 698 795 1724 854; baseline 0.003 -16"><span class='ocrx_word' id='word_1_45' title='bbox 698 795 799 838; x_wconf 84' lang='grc' dir='ltr'><strong><em>ὅσια</em></strong></span> <span class='ocrx_word' id='word_1_46' title='bbox 829 797 1181 853; x_wconf 81' lang='grc' dir='ltr'><strong><em>πανουργήσασ’.</em></strong></span> <span class='ocrx_word' id='word_1_47' title='bbox 1242 797 1335 841; x_wconf 84' lang='grc' dir='ltr'><strong><em>ἐπεὶ</em></strong></span> <span class='ocrx_word' id='word_1_48' title='bbox 1367 801 1533 841; x_wconf 81' lang='grc' dir='ltr'><strong><em>πλείων</em></strong></span> <span class='ocrx_word' id='word_1_49' title='bbox 1563 800 1724 854; x_wconf 79' lang='grc' dir='ltr'><strong><em>χρόνος</em></strong></span> 
     </span>
     <span class='ocr_line' id='line_1_9' title="bbox 696 866 1766 922; baseline 0.003 -14"><span class='ocrx_word' id='word_1_50' title='bbox 696 866 748 908; x_wconf 90' lang='grc' dir='ltr'><strong>ὃν</strong></span> <span class='ocrx_word' id='word_1_51' title='bbox 780 867 849 909; x_wconf 79' lang='grc' dir='ltr'><strong>δεῖ</strong></span> <span class='ocrx_word' id='word_1_52' title='bbox 879 867 918 922; x_wconf 84' lang='grc' dir='ltr'><strong>μ’</strong></span> <span class='ocrx_word' id='word_1_53' title='bbox 955 866 1158 922; x_wconf 80' lang='grc' dir='ltr'><strong><em>ἀρέσκειν</em></strong></span> <span class='ocrx_word' id='word_1_54' title='bbox 1189 875 1282 919; x_wconf 80' lang='grc' dir='ltr'><strong><em>τοῖς</em></strong></span> <span class='ocrx_word' id='word_1_55' title='bbox 1312 868 1428 911; x_wconf 81' lang='grc' dir='ltr'><strong><em>κάτω</em></strong></span> <span class='ocrx_word' id='word_1_56' title='bbox 1459 876 1548 911; x_wconf 84' lang='grc' dir='ltr'><strong>τῶν</strong></span> <span class='ocrx_word' id='word_1_57' title='bbox 1579 868 1766 912; x_wconf 80' lang='grc' dir='ltr'><strong><em>ἐνθάδε·</em></strong></span> 
     </span>
     <span class='ocr_line' id='line_1_10' title="bbox 695 935 1685 992; baseline 0.003 -14"><span class='ocrx_word' id='word_1_58' title='bbox 695 935 784 979; x_wconf 83' lang='grc' dir='ltr'><strong><em>ἐκεῖ</em></strong></span> <span class='ocrx_word' id='word_1_59' title='bbox 814 937 897 992; x_wconf 80' lang='grc' dir='ltr'><strong>γὰρ</strong></span> <span class='ocrx_word' id='word_1_60' title='bbox 929 935 997 979; x_wconf 80' lang='grc' dir='ltr'><strong>ἀεὶ</strong></span> <span class='ocrx_word' id='word_1_61' title='bbox 1027 939 1242 992; x_wconf 80' lang='grc' dir='ltr'><strong><em>κείσομαι.</em></strong></span> <span class='ocrx_word' id='word_1_62' title='bbox 1304 937 1375 981; x_wconf 83' lang='grc' dir='ltr'><strong>σοὶ</strong></span> <span class='ocrx_word' id='word_1_63' title='bbox 1408 938 1445 980; x_wconf 84' lang='grc' dir='ltr'><strong>δ’</strong></span> <span class='ocrx_word' id='word_1_64' title='bbox 1481 940 1523 981; x_wconf 80' lang='grc' dir='ltr'><strong>εἰ</strong></span> <span class='ocrx_word' id='word_1_65' title='bbox 1551 939 1685 992; x_wconf 79' lang='grc' dir='ltr'><strong><em>δοκεῖ,</em></strong></span> 
     </span>
     <span class='ocr_line' id='line_1_11' title="bbox 692 1007 1555 1064; baseline 0.002 -16"><span class='ocrx_word' id='word_1_66' title='bbox 692 1007 745 1048; x_wconf 85' lang='grc' dir='ltr'><strong>τὰ</strong></span> <span class='ocrx_word' id='word_1_67' title='bbox 774 1014 863 1049; x_wconf 86' lang='grc' dir='ltr'><strong>τῶν</strong></span> <span class='ocrx_word' id='word_1_68' title='bbox 892 1011 1015 1050; x_wconf 82' lang='grc' dir='ltr'><strong><em>θεῶν</em></strong></span> <span class='ocrx_word' id='word_1_69' title='bbox 1046 1007 1177 1063; x_wconf 82' lang='grc' dir='ltr'><strong><em>ἔντιμ’</em></strong></span> <span class='ocrx_word' id='word_1_70' title='bbox 1212 1007 1443 1063; x_wconf 81' lang='grc' dir='ltr'><strong><em>ἀτιμάσασ’</em></strong></span> <span class='ocrx_word' id='word_1_71' title='bbox 1473 1010 1555 1064; x_wconf 86' lang='grc' dir='ltr'><strong><em>ἔχε.</em></strong></span> 
     </span>
    </p>
   </div>
   <div class='ocr_carea' id='block_1_4' title="bbox 366 1111 2117 3264">
    <p class='ocr_par' dir='ltr' id='par_1_4' title="bbox 369 1111 2117 1933">
     <span class='ocr_line' id='line_1_12' title="bbox 371 1111 2116 1173; baseline 0.003 -18"><span class='ocrx_word' id='word_1_72' title='bbox 371 1111 455 1155; x_wconf 93' lang='lat' dir='ltr'><strong>hoc</strong></span> <span class='ocrx_word' id='word_1_73' title='bbox 497 1112 607 1157; x_wconf 91' lang='lat' dir='ltr'><strong>dicit</strong></span> <span class='ocrx_word' id='word_1_74' title='bbox 649 1114 789 1158; x_wconf 88' lang='lat' dir='ltr'><strong>fratri</strong></span> <span class='ocrx_word' id='word_1_75' title='bbox 820 1115 999 1172; x_wconf 89' lang='lat' dir='ltr'><strong>placere</strong></span> <span class='ocrx_word' id='word_1_76' title='bbox 1031 1131 1078 1160; x_wconf 90' lang='lat' dir='ltr'><strong>se</strong></span> <span class='ocrx_word' id='word_1_77' title='bbox 1109 1116 1243 1160; x_wconf 91' lang='lat' dir='ltr'><strong>malle</strong></span> <span class='ocrx_word' id='word_1_78' title='bbox 1274 1131 1405 1173; x_wconf 88' lang='lat' dir='ltr'><strong>quam</strong></span> <span class='ocrx_word' id='word_1_79' title='bbox 1438 1116 1639 1160; x_wconf 89' lang='lat' dir='ltr'><strong>civitati:</strong></span> <span class='ocrx_word' id='word_1_80' title='bbox 1685 1132 1781 1160; x_wconf 91' lang='lat' dir='ltr'><strong>cum</strong></span> <span class='ocrx_word' id='word_1_81' title='bbox 1820 1117 1969 1162; x_wconf 86' lang='lat' dir='ltr'><strong>fratre</strong></span> <span class='ocrx_word' id='word_1_82' title='bbox 2000 1117 2116 1161; x_wconf 88' lang='lat' dir='ltr'><strong>enim</strong></span> 
     </span>
     <span class='ocr_line' id='line_1_13' title="bbox 372 1184 2116 1244; baseline 0.004 -19"><span class='ocrx_word' id='word_1_83' title='bbox 372 1185 606 1226; x_wconf 83' lang='lat' dir='ltr'><strong>aeternum</strong></span> <span class='ocrx_word' id='word_1_84' title='bbox 637 1184 736 1228; x_wconf 86' lang='lat' dir='ltr'><strong>fore</strong></span> <span class='ocrx_word' id='word_1_85' title='bbox 767 1186 1129 1240; x_wconf 89' lang='lat' dir='ltr'><strong>contubernium,</strong></span> <span class='ocrx_word' id='word_1_86' title='bbox 1173 1201 1269 1229; x_wconf 90' lang='lat' dir='ltr'><strong>cum</strong></span> <span class='ocrx_word' id='word_1_87' title='bbox 1300 1186 1470 1230; x_wconf 87' lang='lat' dir='ltr'><strong>civibus</strong></span> <span class='ocrx_word' id='word_1_88' title='bbox 1513 1188 1747 1244; x_wconf 87' lang='lat' dir='ltr'><strong>perbreve.</strong></span> <span class='ocrx_word' id='word_1_89' title='bbox 1806 1203 1895 1231; x_wconf 90' lang='lat' dir='ltr'><strong>non</strong></span> <span class='ocrx_word' id='word_1_90' title='bbox 1931 1188 2116 1232; x_wconf 89' lang='lat' dir='ltr'><strong>deorum</strong></span> 
     </span>
     <span class='ocr_line' id='line_1_14' title="bbox 373 1252 2114 1316; baseline 0.004 -22"><span class='ocrx_word' id='word_1_91' title='bbox 373 1252 637 1309; x_wconf 84' lang='lat' dir='ltr'><strong>religionem</strong></span> <span class='ocrx_word' id='word_1_92' title='bbox 666 1256 868 1311; x_wconf 84' lang='lat' dir='ltr'><strong>profert,</strong></span> <span class='ocrx_word' id='word_1_93' title='bbox 912 1270 1001 1299; x_wconf 95' lang='lat' dir='ltr'><strong>non</strong></span> <span class='ocrx_word' id='word_1_94' title='bbox 1040 1256 1224 1300; x_wconf 90' lang='lat' dir='ltr'><strong>deorum</strong></span> <span class='ocrx_word' id='word_1_95' title='bbox 1265 1271 1430 1314; x_wconf 86' lang='lat' dir='ltr'><strong>poenas</strong></span> <span class='ocrx_word' id='word_1_96' title='bbox 1471 1256 1651 1314; x_wconf 84' lang='lat' dir='ltr'><strong>irasque</strong></span> <span class='ocrx_word' id='word_1_97' title='bbox 1690 1257 1874 1312; x_wconf 88' lang='lat' dir='ltr'><strong>metuit,</strong></span> <span class='ocrx_word' id='word_1_98' title='bbox 1920 1258 1997 1302; x_wconf 90' lang='lat' dir='ltr'><strong>sed</strong></span> <span class='ocrx_word' id='word_1_99' title='bbox 2028 1273 2114 1316; x_wconf 90' lang='lat' dir='ltr'><strong>quo</strong></span> 
     </span>
     <span class='ocr_line' id='line_1_15' title="bbox 373 1321 2116 1385; baseline 0.005 -21"><span class='ocrx_word' id='word_1_100' title='bbox 373 1321 579 1366; x_wconf 89' lang='lat' dir='ltr'><strong>timidum</strong></span> <span class='ocrx_word' id='word_1_101' title='bbox 625 1325 795 1369; x_wconf 87' lang='lat' dir='ltr'><strong>sororis</strong></span> <span class='ocrx_word' id='word_1_102' title='bbox 835 1325 1061 1383; x_wconf 82' lang='lat' dir='ltr'><strong>ingenium</strong></span> <span class='ocrx_word' id='word_1_103' title='bbox 1103 1326 1275 1371; x_wconf 83' lang='lat' dir='ltr'><strong>moveri</strong></span> <span class='ocrx_word' id='word_1_104' title='bbox 1320 1328 1455 1384; x_wconf 85' lang='lat' dir='ltr'><strong>putat</strong></span> <span class='ocrx_word' id='word_1_105' title='bbox 1496 1326 1699 1371; x_wconf 84' lang='lat' dir='ltr'><strong>breviter</strong></span> <span class='ocrx_word' id='word_1_106' title='bbox 1752 1330 1798 1371; x_wconf 89' lang='lat' dir='ltr'><strong>et</strong></span> <span class='ocrx_word' id='word_1_107' title='bbox 1839 1328 2116 1385; x_wconf 89' lang='lat' dir='ltr'><strong>submaligne</strong></span> 
     </span>
     <span class='ocr_line' id='line_1_16' title="bbox 369 1392 2115 1454; baseline 0.003 -19"><span class='ocrx_word' id='word_1_108' title='bbox 369 1392 477 1436; x_wconf 91' lang='lat' dir='ltr'><strong>iacit</strong></span> <span class='ocrx_word' id='word_1_109' title='bbox 510 1393 625 1438; x_wconf 83' lang='lat' dir='ltr'><strong>‘vide</strong></span> <span class='ocrx_word' id='word_1_110' title='bbox 646 1410 751 1438; x_wconf 92' lang='lat' dir='ltr'><strong>num</strong></span> <span class='ocrx_word' id='word_1_111' title='bbox 776 1410 889 1453; x_wconf 87' lang='lat' dir='ltr'><strong>quae</strong></span> <span class='ocrx_word' id='word_1_112' title='bbox 911 1396 1029 1454; x_wconf 90' lang='lat' dir='ltr'><strong>apud</strong></span> <span class='ocrx_word' id='word_1_113' title='bbox 1050 1396 1155 1440; x_wconf 90' lang='lat' dir='ltr'><strong>deos</strong></span> <span class='ocrx_word' id='word_1_114' title='bbox 1179 1396 1225 1439; x_wconf 90' lang='lat' dir='ltr'><strong>in</strong></span> <span class='ocrx_word' id='word_1_115' title='bbox 1255 1397 1423 1439; x_wconf 85' lang='lat' dir='ltr'><strong>honorc</strong></span> <span class='ocrx_word' id='word_1_116' title='bbox 1455 1397 1677 1440; x_wconf 87' lang='lat' dir='ltr'><strong>habentur</strong></span> <span class='ocrx_word' id='word_1_117' title='bbox 1709 1397 1795 1441; x_wconf 90' lang='lat' dir='ltr'><strong>tibi</strong></span> <span class='ocrx_word' id='word_1_118' title='bbox 1826 1398 1938 1442; x_wconf 89' lang='lat' dir='ltr'><strong>vilia</strong></span> <span class='ocrx_word' id='word_1_119' title='bbox 1968 1398 2115 1442; x_wconf 87' lang='lat' dir='ltr'><strong>videri</strong></span> 
     </span>
     <span class='ocr_line' id='line_1_17' title="bbox 370 1463 2116 1525; baseline 0.003 -19"><span class='ocrx_word' id='word_1_120' title='bbox 370 1463 573 1520; x_wconf 85' lang='lat' dir='ltr'><strong>possint&#39;.</strong></span> <span class='ocrx_word' id='word_1_121' title='bbox 643 1466 918 1522; x_wconf 88' lang='lat' dir='ltr'><strong>persuadere</strong></span> <span class='ocrx_word' id='word_1_122' title='bbox 967 1467 1115 1510; x_wconf 89' lang='lat' dir='ltr'><strong>sorori</strong></span> <span class='ocrx_word' id='word_1_123' title='bbox 1164 1482 1220 1510; x_wconf 88' lang='lat' dir='ltr'><strong>ne</strong></span> <span class='ocrx_word' id='word_1_124' title='bbox 1259 1469 1457 1525; x_wconf 87' lang='lat' dir='ltr'><strong>temptat</strong></span> <span class='ocrx_word' id='word_1_125' title='bbox 1511 1467 1687 1524; x_wconf 91' lang='lat' dir='ltr'><strong>quidem</strong></span> <span class='ocrx_word' id='word_1_126' title='bbox 1732 1467 1986 1525; x_wconf 88' lang='lat' dir='ltr'><strong>Antigona,</strong></span> <span class='ocrx_word' id='word_1_127' title='bbox 2038 1468 2116 1512; x_wconf 89' lang='lat' dir='ltr'><strong>sed</strong></span> 
     </span>
     <span class='ocr_line' id='line_1_18' title="bbox 373 1532 2116 1595; baseline 0.003 -19"><span class='ocrx_word' id='word_1_128' title='bbox 373 1532 542 1577; x_wconf 91' lang='lat' dir='ltr'><strong>acriter</strong></span> <span class='ocrx_word' id='word_1_129' title='bbox 575 1537 621 1578; x_wconf 87' lang='lat' dir='ltr'><strong>et</strong></span> <span class='ocrx_word' id='word_1_130' title='bbox 651 1550 767 1579; x_wconf 90' lang='lat' dir='ltr'><strong>nunc</strong></span> <span class='ocrx_word' id='word_1_131' title='bbox 797 1536 843 1579; x_wconf 91' lang='lat' dir='ltr'><strong>in</strong></span> <span class='ocrx_word' id='word_1_132' title='bbox 875 1550 971 1581; x_wconf 89' lang='lat' dir='ltr'><strong>eam</strong></span> <span class='ocrx_word' id='word_1_133' title='bbox 1002 1537 1232 1581; x_wconf 87' lang='lat' dir='ltr'><strong>invehitur</strong></span> <span class='ocrx_word' id='word_1_134' title='bbox 1276 1540 1323 1581; x_wconf 92' lang='lat' dir='ltr'><strong>et</strong></span> <span class='ocrx_word' id='word_1_135' title='bbox 1361 1539 1521 1595; x_wconf 88' lang='lat' dir='ltr'><strong>postea</strong></span> <span class='ocrx_word' id='word_1_136' title='bbox 1563 1551 1659 1580; x_wconf 90' lang='lat' dir='ltr'><strong>cum</strong></span> <span class='ocrx_word' id='word_1_137' title='bbox 1702 1537 1910 1595; x_wconf 88' lang='lat' dir='ltr'><strong>supplicii</strong></span> <span class='ocrx_word' id='word_1_138' title='bbox 1953 1537 2116 1582; x_wconf 85' lang='lat' dir='ltr'><strong>sociam</strong></span> 
     </span>
     <span class='ocr_line' id='line_1_19' title="bbox 373 1604 2116 1668; baseline 0.005 -22"><span class='ocrx_word' id='word_1_139' title='bbox 373 1618 420 1646; x_wconf 89' lang='lat' dir='ltr'><strong>se</strong></span> <span class='ocrx_word' id='word_1_140' title='bbox 453 1604 600 1648; x_wconf 90' lang='lat' dir='ltr'><strong>sorori</strong></span> <span class='ocrx_word' id='word_1_141' title='bbox 631 1605 875 1663; x_wconf 90' lang='lat' dir='ltr'><strong>adiungere</strong></span> <span class='ocrx_word' id='word_1_142' title='bbox 907 1608 1031 1665; x_wconf 89' lang='lat' dir='ltr'><strong>cupit</strong></span> <span class='ocrx_word' id='word_1_143' title='bbox 1061 1609 1214 1667; x_wconf 90' lang='lat' dir='ltr'><strong>puella</strong></span> <span class='ocrx_word' id='word_1_144' title='bbox 1243 1610 1360 1653; x_wconf 88' lang='lat' dir='ltr'><strong>bona</strong></span> <span class='ocrx_word' id='word_1_145' title='bbox 1392 1612 1438 1652; x_wconf 91' lang='lat' dir='ltr'><strong>et</strong></span> <span class='ocrx_word' id='word_1_146' title='bbox 1469 1609 1673 1666; x_wconf 88' lang='lat' dir='ltr'><strong>ingenua.</strong></span> <span class='ocrx_word' id='word_1_147' title='bbox 1720 1610 1873 1667; x_wconf 88' lang='lat' dir='ltr'><strong>itaque</strong></span> <span class='ocrx_word' id='word_1_148' title='bbox 1895 1610 1953 1654; x_wconf 90' lang='lat' dir='ltr'><strong>ad</strong></span> <span class='ocrx_word' id='word_1_149' title='bbox 1972 1610 2116 1668; x_wconf 89' lang='lat' dir='ltr'><strong>ipsam</strong></span> 
     </span>
     <span class='ocr_line' id='line_1_20' title="bbox 373 1673 2116 1737; baseline 0.005 -22"><span class='ocrx_word' id='word_1_150' title='bbox 373 1673 572 1717; x_wconf 83' lang='lat' dir='ltr'><strong>fabulam</strong></span> <span class='ocrx_word' id='word_1_151' title='bbox 591 1675 758 1720; x_wconf 90' lang='lat' dir='ltr'><strong>nullius</strong></span> <span class='ocrx_word' id='word_1_152' title='bbox 778 1678 990 1722; x_wconf 90' lang='lat' dir='ltr'><strong>momenti</strong></span> <span class='ocrx_word' id='word_1_153' title='bbox 1013 1681 1083 1723; x_wconf 89' lang='lat' dir='ltr'><strong>est</strong></span> <span class='ocrx_word' id='word_1_154' title='bbox 1103 1680 1305 1723; x_wconf 90' lang='lat' dir='ltr'><strong>Ismenae</strong></span> <span class='ocrx_word' id='word_1_155' title='bbox 1326 1693 1532 1737; x_wconf 84' lang='lat' dir='ltr'><strong>persona,</strong></span> <span class='ocrx_word' id='word_1_156' title='bbox 1564 1676 1617 1722; x_wconf 88' lang='lat' dir='ltr'><strong>ut</strong></span> <span class='ocrx_word' id='word_1_157' title='bbox 1638 1679 1878 1737; x_wconf 87' lang='lat' dir='ltr'><strong>intellegas</strong></span> <span class='ocrx_word' id='word_1_158' title='bbox 1900 1682 2116 1737; x_wconf 85' lang='lat' dir='ltr'><strong>quantum</strong></span> 
     </span>
     <span class='ocr_line' id='line_1_21' title="bbox 371 1742 2117 1807; baseline 0.005 -21"><span class='ocrx_word' id='word_1_159' title='bbox 371 1742 603 1788; x_wconf 85' lang='lat' dir='ltr'><strong>Electram</strong></span> <span class='ocrx_word' id='word_1_160' title='bbox 643 1761 740 1789; x_wconf 90' lang='lat' dir='ltr'><strong>cum</strong></span> <span class='ocrx_word' id='word_1_161' title='bbox 780 1747 1001 1792; x_wconf 86' lang='lat' dir='ltr'><strong>scriberet</strong></span> <span class='ocrx_word' id='word_1_162' title='bbox 1040 1749 1087 1792; x_wconf 92' lang='lat' dir='ltr'><strong>in</strong></span> <span class='ocrx_word' id='word_1_163' title='bbox 1129 1752 1231 1793; x_wconf 86' lang='lat' dir='ltr'><strong>arte</strong></span> <span class='ocrx_word' id='word_1_164' title='bbox 1273 1749 1514 1807; x_wconf 82' lang='lat' dir='ltr'><strong>Sophocles</strong></span> <span class='ocrx_word' id='word_1_165' title='bbox 1561 1749 1820 1807; x_wconf 86' lang='lat' dir='ltr'><strong>profecerit.</strong></span> <span class='ocrx_word' id='word_1_166' title='bbox 1882 1750 2117 1807; x_wconf 86' lang='lat' dir='ltr'><strong>Antigona</strong></span> 
     </span>
     <span class='ocr_line' id='line_1_22' title="bbox 370 1812 2116 1876; baseline 0.005 -21"><span class='ocrx_word' id='word_1_167' title='bbox 370 1812 469 1870; x_wconf 89' lang='lat' dir='ltr'><strong>ipsa</strong></span> <span class='ocrx_word' id='word_1_168' title='bbox 511 1815 656 1871; x_wconf 86' lang='lat' dir='ltr'><strong>qualis</strong></span> <span class='ocrx_word' id='word_1_169' title='bbox 698 1820 819 1861; x_wconf 89' lang='lat' dir='ltr'><strong>esset</strong></span> <span class='ocrx_word' id='word_1_170' title='bbox 860 1818 1052 1863; x_wconf 88' lang='lat' dir='ltr'><strong>diversis</strong></span> <span class='ocrx_word' id='word_1_171' title='bbox 1093 1820 1296 1864; x_wconf 89' lang='lat' dir='ltr'><strong>Ismenae</strong></span> <span class='ocrx_word' id='word_1_172' title='bbox 1336 1819 1534 1862; x_wconf 89' lang='lat' dir='ltr'><strong>moribus</strong></span> <span class='ocrx_word' id='word_1_173' title='bbox 1578 1821 1805 1876; x_wconf 87' lang='lat' dir='ltr'><strong>tamquam</strong></span> <span class='ocrx_word' id='word_1_174' title='bbox 1850 1820 2015 1864; x_wconf 92' lang='lat' dir='ltr'><strong>lumine</strong></span> <span class='ocrx_word' id='word_1_175' title='bbox 2061 1835 2116 1863; x_wconf 83' lang='lat' dir='ltr'><strong>ex</strong></span> 
     </span>
     <span class='ocr_line' id='line_1_23' title="bbox 370 1882 1084 1933; baseline 0.01 -7"><span class='ocrx_word' id='word_1_176' title='bbox 370 1882 561 1928; x_wconf 88' lang='lat' dir='ltr'><strong>adverso</strong></span> <span class='ocrx_word' id='word_1_177' title='bbox 593 1886 772 1930; x_wconf 91' lang='lat' dir='ltr'><strong>admoto</strong></span> <span class='ocrx_word' id='word_1_178' title='bbox 803 1887 1084 1933; x_wconf 88' lang='lat' dir='ltr'><strong>inlustravit.</strong></span> 
     </span>
    </p>

    <p class='ocr_par' dir='ltr' id='par_1_5' title="bbox 366 1955 2116 3264">
     <span class='ocr_line' id='line_1_24' title="bbox 488 1955 2115 2018; baseline 0.004 -21"><span class='ocrx_word' id='word_1_179' title='bbox 488 1955 712 2011; x_wconf 89' lang='lat' dir='ltr'><strong>prodeunt</strong></span> <span class='ocrx_word' id='word_1_180' title='bbox 759 1957 877 2002; x_wconf 85' lang='lat' dir='ltr'><strong>cives</strong></span> <span class='ocrx_word' id='word_1_181' title='bbox 926 1959 1126 2003; x_wconf 83' lang='lat' dir='ltr'><strong>Thebani</strong></span> <span class='ocrx_word' id='word_1_182' title='bbox 1172 1974 1198 2003; x_wconf 89' lang='lat' dir='ltr'><strong>a</strong></span> <span class='ocrx_word' id='word_1_183' title='bbox 1243 1960 1437 2005; x_wconf 87' lang='lat' dir='ltr'><strong>Creonte</strong></span> <span class='ocrx_word' id='word_1_184' title='bbox 1484 1960 1740 2014; x_wconf 86' lang='lat' dir='ltr'><strong>convocati,</strong></span> <span class='ocrx_word' id='word_1_185' title='bbox 1788 1959 1974 2004; x_wconf 88' lang='lat' dir='ltr'><strong>advenit</strong></span> <span class='ocrx_word' id='word_1_186' title='bbox 2018 1960 2115 2018; x_wconf 86' lang='lat' dir='ltr'><strong>ipse</strong></span> 
     </span>
     <span class='ocr_line' id='line_1_25' title="bbox 374 2022 2116 2086; baseline 0.004 -20"><span class='ocrx_word' id='word_1_187' title='bbox 374 2022 488 2067; x_wconf 81' lang='lat' dir='ltr'><strong>Creo</strong></span> <span class='ocrx_word' id='word_1_188' title='bbox 535 2025 612 2068; x_wconf 86' lang='lat' dir='ltr'><strong>vix</strong></span> <span class='ocrx_word' id='word_1_189' title='bbox 654 2026 784 2070; x_wconf 89' lang='lat' dir='ltr'><strong>unius</strong></span> <span class='ocrx_word' id='word_1_190' title='bbox 830 2028 1030 2072; x_wconf 86' lang='lat' dir='ltr'><strong>dieculae</strong></span> <span class='ocrx_word' id='word_1_191' title='bbox 1075 2044 1177 2084; x_wconf 83' lang='lat' dir='ltr'><strong>rex,</strong></span> <span class='ocrx_word' id='word_1_192' title='bbox 1226 2030 1431 2074; x_wconf 89' lang='lat' dir='ltr'><strong>oratione</strong></span> <span class='ocrx_word' id='word_1_193' title='bbox 1479 2030 1682 2074; x_wconf 88' lang='lat' dir='ltr'><strong>sollemni</strong></span> <span class='ocrx_word' id='word_1_194' title='bbox 1726 2045 1890 2074; x_wconf 88' lang='lat' dir='ltr'><strong>novum</strong></span> <span class='ocrx_word' id='word_1_195' title='bbox 1928 2045 2116 2086; x_wconf 87' lang='lat' dir='ltr'><strong>regnum</strong></span> 
     </span>
     <span class='ocr_line' id='line_1_26' title="bbox 371 2092 2113 2157; baseline 0.003 -21"><span class='ocrx_word' id='word_1_196' title='bbox 371 2092 740 2151; x_wconf 86' lang='lat' dir='ltr'><strong>inauguraturus.</strong></span> <span class='ocrx_word' id='word_1_197' title='bbox 819 2098 1015 2142; x_wconf 89' lang='lat' dir='ltr'><strong>sobrium</strong></span> <span class='ocrx_word' id='word_1_198' title='bbox 1063 2115 1108 2143; x_wconf 89' lang='lat' dir='ltr'><strong>se</strong></span> <span class='ocrx_word' id='word_1_199' title='bbox 1157 2114 1208 2143; x_wconf 90' lang='lat' dir='ltr'><strong>ac</strong></span> <span class='ocrx_word' id='word_1_200' title='bbox 1251 2101 1440 2157; x_wconf 89' lang='lat' dir='ltr'><strong>probum</strong></span> <span class='ocrx_word' id='word_1_201' title='bbox 1484 2100 1703 2144; x_wconf 88' lang='lat' dir='ltr'><strong>hominem</strong></span> <span class='ocrx_word' id='word_1_202' title='bbox 1744 2099 1889 2156; x_wconf 84' lang='lat' dir='ltr'><strong>gerit,</strong></span> <span class='ocrx_word' id='word_1_203' title='bbox 1945 2098 2113 2157; x_wconf 87' lang='lat' dir='ltr'><strong>Oedipo</strong></span> 
     </span>
     <span class='ocr_line' id='line_1_27' title="bbox 374 2163 2115 2227; baseline 0.004 -21"><span class='ocrx_word' id='word_1_204' title='bbox 374 2163 555 2221; x_wconf 89' lang='lat' dir='ltr'><strong>eiusque</strong></span> <span class='ocrx_word' id='word_1_205' title='bbox 587 2165 691 2210; x_wconf 84' lang='lat' dir='ltr'><strong>filiis</strong></span> <span class='ocrx_word' id='word_1_206' title='bbox 723 2168 914 2212; x_wconf 89' lang='lat' dir='ltr'><strong>mortuis</strong></span> <span class='ocrx_word' id='word_1_207' title='bbox 947 2169 1187 2213; x_wconf 88' lang='lat' dir='ltr'><strong>affinitatis</strong></span> <span class='ocrx_word' id='word_1_208' title='bbox 1218 2170 1316 2213; x_wconf 91' lang='lat' dir='ltr'><strong>iure</strong></span> <span class='ocrx_word' id='word_1_209' title='bbox 1349 2170 1433 2214; x_wconf 88' lang='lat' dir='ltr'><strong>sibi</strong></span> <span class='ocrx_word' id='word_1_210' title='bbox 1464 2185 1650 2227; x_wconf 86' lang='lat' dir='ltr'><strong>regnum</strong></span> <span class='ocrx_word' id='word_1_211' title='bbox 1674 2169 1890 2226; x_wconf 87' lang='lat' dir='ltr'><strong>obtigisse</strong></span> <span class='ocrx_word' id='word_1_212' title='bbox 1910 2169 2115 2213; x_wconf 88' lang='lat' dir='ltr'><strong>breviter</strong></span> 
     </span>
     <span class='ocr_line' id='line_1_28' title="bbox 374 2234 2116 2294; baseline 0.004 -18"><span class='ocrx_word' id='word_1_213' title='bbox 374 2236 421 2277; x_wconf 92' lang='lat' dir='ltr'><strong>et</strong></span> <span class='ocrx_word' id='word_1_214' title='bbox 459 2234 627 2291; x_wconf 85' lang='lat' dir='ltr'><strong>frigide</strong></span> <span class='ocrx_word' id='word_1_215' title='bbox 667 2237 905 2282; x_wconf 87' lang='lat' dir='ltr'><strong>disserens.</strong></span> <span class='ocrx_word' id='word_1_216' title='bbox 971 2239 1190 2283; x_wconf 89' lang='lat' dir='ltr'><strong>hominem</strong></span> <span class='ocrx_word' id='word_1_217' title='bbox 1220 2255 1383 2284; x_wconf 87' lang='lat' dir='ltr'><strong>novum</strong></span> <span class='ocrx_word' id='word_1_218' title='bbox 1425 2256 1471 2284; x_wconf 88' lang='lat' dir='ltr'><strong>se</strong></span> <span class='ocrx_word' id='word_1_219' title='bbox 1503 2256 1612 2294; x_wconf 88' lang='lat' dir='ltr'><strong>esse,</strong></span> <span class='ocrx_word' id='word_1_220' title='bbox 1654 2239 1776 2283; x_wconf 88' lang='lat' dir='ltr'><strong>cuius</strong></span> <span class='ocrx_word' id='word_1_221' title='bbox 1817 2255 1939 2283; x_wconf 91' lang='lat' dir='ltr'><strong>mens</strong></span> <span class='ocrx_word' id='word_1_222' title='bbox 1978 2239 2026 2283; x_wconf 91' lang='lat' dir='ltr'><strong>in</strong></span> <span class='ocrx_word' id='word_1_223' title='bbox 2065 2254 2116 2283; x_wconf 91' lang='lat' dir='ltr'><strong>re</strong></span> 
     </span>
     <span class='ocr_line' id='line_1_29' title="bbox 370 2305 2114 2368; baseline 0.003 -21"><span class='ocrx_word' id='word_1_224' title='bbox 370 2305 549 2362; x_wconf 90' lang='lat' dir='ltr'><strong>publica</strong></span> <span class='ocrx_word' id='word_1_225' title='bbox 579 2308 778 2363; x_wconf 87' lang='lat' dir='ltr'><strong>gerenda</strong></span> <span class='ocrx_word' id='word_1_226' title='bbox 807 2309 1002 2352; x_wconf 91' lang='lat' dir='ltr'><strong>nondum</strong></span> <span class='ocrx_word' id='word_1_227' title='bbox 1033 2312 1238 2367; x_wconf 88' lang='lat' dir='ltr'><strong>spectata</strong></span> <span class='ocrx_word' id='word_1_228' title='bbox 1269 2310 1351 2354; x_wconf 89' lang='lat' dir='ltr'><strong>sit:</strong></span> <span class='ocrx_word' id='word_1_229' title='bbox 1393 2311 1647 2368; x_wconf 86' lang='lat' dir='ltr'><strong>acciperent</strong></span> <span class='ocrx_word' id='word_1_230' title='bbox 1686 2309 1830 2366; x_wconf 89' lang='lat' dir='ltr'><strong>igitur</strong></span> <span class='ocrx_word' id='word_1_231' title='bbox 1873 2308 1980 2366; x_wconf 88' lang='lat' dir='ltr'><strong>quid</strong></span> <span class='ocrx_word' id='word_1_232' title='bbox 2018 2323 2114 2352; x_wconf 90' lang='lat' dir='ltr'><strong>cen-</strong></span> 
     </span>
     <span class='ocr_line' id='line_1_30' title="bbox 375 2377 2114 2436; baseline 0.003 -19"><span class='ocrx_word' id='word_1_233' title='bbox 375 2378 508 2419; x_wconf 87' lang='lat' dir='ltr'><strong>seret.</strong></span> <span class='ocrx_word' id='word_1_234' title='bbox 571 2377 647 2434; x_wconf 83' lang='lat' dir='ltr'><strong>qui</strong></span> <span class='ocrx_word' id='word_1_235' title='bbox 672 2378 851 2435; x_wconf 86' lang='lat' dir='ltr'><strong>patriae</strong></span> <span class='ocrx_word' id='word_1_236' title='bbox 882 2380 1107 2422; x_wconf 87' lang='lat' dir='ltr'><strong>commodo</strong></span> <span class='ocrx_word' id='word_1_237' title='bbox 1138 2395 1227 2423; x_wconf 91' lang='lat' dir='ltr'><strong>non</strong></span> <span class='ocrx_word' id='word_1_238' title='bbox 1258 2380 1524 2434; x_wconf 87' lang='lat' dir='ltr'><strong>consuleret,</strong></span> <span class='ocrx_word' id='word_1_239' title='bbox 1564 2379 1641 2423; x_wconf 89' lang='lat' dir='ltr'><strong>sed</strong></span> <span class='ocrx_word' id='word_1_240' title='bbox 1672 2381 1794 2423; x_wconf 89' lang='lat' dir='ltr'><strong>metu</strong></span> <span class='ocrx_word' id='word_1_241' title='bbox 1824 2378 2114 2436; x_wconf 87' lang='lat' dir='ltr'><strong>praepeditus</strong></span> 
     </span>
     <span class='ocr_line' id='line_1_31' title="bbox 371 2446 2116 2507; baseline 0.003 -20"><span class='ocrx_word' id='word_1_242' title='bbox 371 2446 548 2489; x_wconf 84' lang='lat' dir='ltr'><strong>taceret</strong></span> <span class='ocrx_word' id='word_1_243' title='bbox 578 2447 654 2490; x_wconf 91' lang='lat' dir='ltr'><strong>ubi</strong></span> <span class='ocrx_word' id='word_1_244' title='bbox 684 2447 894 2504; x_wconf 86' lang='lat' dir='ltr'><strong>loquendi</strong></span> <span class='ocrx_word' id='word_1_245' title='bbox 925 2448 1048 2493; x_wconf 90' lang='lat' dir='ltr'><strong>locus</strong></span> <span class='ocrx_word' id='word_1_246' title='bbox 1081 2452 1223 2503; x_wconf 90' lang='lat' dir='ltr'><strong>esset,</strong></span> <span class='ocrx_word' id='word_1_247' title='bbox 1269 2465 1367 2492; x_wconf 90' lang='lat' dir='ltr'><strong>eum</strong></span> <span class='ocrx_word' id='word_1_248' title='bbox 1409 2449 1648 2507; x_wconf 86' lang='lat' dir='ltr'><strong>pessimum</strong></span> <span class='ocrx_word' id='word_1_249' title='bbox 1685 2463 1838 2505; x_wconf 88' lang='lat' dir='ltr'><strong>regem</strong></span> <span class='ocrx_word' id='word_1_250' title='bbox 1868 2453 1977 2492; x_wconf 82' lang='lat' dir='ltr'><strong>esse.</strong></span> <span class='ocrx_word' id='word_1_251' title='bbox 2039 2447 2116 2505; x_wconf 89' lang='lat' dir='ltr'><strong>qui</strong></span> 
     </span>
     <span class='ocr_line' id='line_1_32' title="bbox 370 2514 2116 2577; baseline 0.002 -20"><span class='ocrx_word' id='word_1_252' title='bbox 370 2514 599 2571; x_wconf 87' lang='lat' dir='ltr'><strong>privatam</strong></span> <span class='ocrx_word' id='word_1_253' title='bbox 629 2517 872 2562; x_wconf 87' lang='lat' dir='ltr'><strong>amicitiam</strong></span> <span class='ocrx_word' id='word_1_254' title='bbox 902 2519 1080 2576; x_wconf 89' lang='lat' dir='ltr'><strong>patriae</strong></span> <span class='ocrx_word' id='word_1_255' title='bbox 1123 2519 1266 2563; x_wconf 90' lang='lat' dir='ltr'><strong>amori</strong></span> <span class='ocrx_word' id='word_1_256' title='bbox 1309 2519 1588 2577; x_wconf 87' lang='lat' dir='ltr'><strong>praeferret,</strong></span> <span class='ocrx_word' id='word_1_257' title='bbox 1634 2534 1732 2562; x_wconf 91' lang='lat' dir='ltr'><strong>eum</strong></span> <span class='ocrx_word' id='word_1_258' title='bbox 1770 2518 1937 2561; x_wconf 86' lang='lat' dir='ltr'><strong>nullius</strong></span> <span class='ocrx_word' id='word_1_259' title='bbox 1976 2517 2116 2575; x_wconf 90' lang='lat' dir='ltr'><strong>pretii</strong></span> 
     </span>
     <span class='ocr_line' id='line_1_33' title="bbox 371 2587 2116 2646; baseline 0.002 -19"><span class='ocrx_word' id='word_1_260' title='bbox 371 2599 479 2628; x_wconf 89' lang='lat' dir='ltr'><strong>esse.</strong></span> <span class='ocrx_word' id='word_1_261' title='bbox 544 2601 640 2630; x_wconf 89' lang='lat' dir='ltr'><strong>sese</strong></span> <span class='ocrx_word' id='word_1_262' title='bbox 671 2602 759 2630; x_wconf 92' lang='lat' dir='ltr'><strong>non</strong></span> <span class='ocrx_word' id='word_1_263' title='bbox 791 2588 1090 2632; x_wconf 89' lang='lat' dir='ltr'><strong>cohibiturum</strong></span> <span class='ocrx_word' id='word_1_264' title='bbox 1123 2589 1334 2646; x_wconf 79' lang='lat' dir='ltr'><strong>linguam,</strong></span> <span class='ocrx_word' id='word_1_265' title='bbox 1369 2589 1407 2633; x_wconf 91' lang='lat' dir='ltr'><strong>si</strong></span> <span class='ocrx_word' id='word_1_266' title='bbox 1427 2589 1557 2632; x_wconf 85' lang='lat' dir='ltr'><strong>malis</strong></span> <span class='ocrx_word' id='word_1_267' title='bbox 1580 2588 1755 2632; x_wconf 89' lang='lat' dir='ltr'><strong>artibus</strong></span> <span class='ocrx_word' id='word_1_268' title='bbox 1778 2603 1873 2631; x_wconf 89' lang='lat' dir='ltr'><strong>rem</strong></span> <span class='ocrx_word' id='word_1_269' title='bbox 1892 2587 2116 2645; x_wconf 88' lang='lat' dir='ltr'><strong>publicam</strong></span> 
     </span>
     <span class='ocr_line' id='line_1_34' title="bbox 366 2654 2112 2715; baseline 0.002 -18"><span class='ocrx_word' id='word_1_270' title='bbox 366 2654 462 2711; x_wconf 89' lang='lat' dir='ltr'><strong>peti</strong></span> <span class='ocrx_word' id='word_1_271' title='bbox 493 2655 671 2700; x_wconf 87' lang='lat' dir='ltr'><strong>videret</strong></span> <span class='ocrx_word' id='word_1_272' title='bbox 712 2658 838 2714; x_wconf 79' lang='grc' dir='ltr'><strong><em>(ἄτην</em></strong></span> <span class='ocrx_word' id='word_1_273' title='bbox 878 2659 997 2714; x_wconf 87' lang='grc' dir='ltr'><strong><em>ὁρῶν</em></strong></span> <span class='ocrx_word' id='word_1_274' title='bbox 1037 2662 1299 2715; x_wconf 84' lang='grc' dir='ltr'><strong><em>στείχουσαν</em></strong></span> <span class='ocrx_word' id='word_1_275' title='bbox 1338 2659 1489 2709; x_wconf 77' lang='grc' dir='ltr'><strong><em>ἀστοῖς</em></strong></span> <span class='ocrx_word' id='word_1_276' title='bbox 1527 2657 1624 2701; x_wconf 84' lang='grc' dir='ltr'><strong><em>ἀντὶ</em></strong></span> <span class='ocrx_word' id='word_1_277' title='bbox 1656 2664 1733 2713; x_wconf 80' lang='grc' dir='ltr'><strong>τῆς</strong></span> <span class='ocrx_word' id='word_1_278' title='bbox 1764 2660 1983 2713; x_wconf 79' lang='grc' dir='ltr'><strong><em>σωτηρίας</em></strong></span> <span class='ocrx_word' id='word_1_279' title='bbox 2016 2657 2112 2712; x_wconf 84' lang='grc'><strong>185,</strong></span> 
     </span>
     <span class='ocr_line' id='line_1_35' title="bbox 370 2724 2114 2787; baseline 0.003 -21"><span class='ocrx_word' id='word_1_280' title='bbox 370 2724 424 2766; x_wconf 91' lang='lat' dir='ltr'><strong>cf.</strong></span> <span class='ocrx_word' id='word_1_281' title='bbox 459 2724 580 2782; x_wconf 83' lang='lat'><strong>533),</strong></span> <span class='ocrx_word' id='word_1_282' title='bbox 632 2742 774 2784; x_wconf 85' lang='lat' dir='ltr'><strong>neque</strong></span> <span class='ocrx_word' id='word_1_283' title='bbox 817 2728 1004 2772; x_wconf 84' lang='lat' dir='ltr'><strong>amicum</strong></span> <span class='ocrx_word' id='word_1_284' title='bbox 1048 2745 1094 2772; x_wconf 92' lang='lat' dir='ltr'><strong>se</strong></span> <span class='ocrx_word' id='word_1_285' title='bbox 1134 2731 1401 2787; x_wconf 90' lang='lat' dir='ltr'><strong>putaturum</strong></span> <span class='ocrx_word' id='word_1_286' title='bbox 1442 2729 1517 2786; x_wconf 87' lang='lat' dir='ltr'><strong>qui</strong></span> <span class='ocrx_word' id='word_1_287' title='bbox 1559 2728 1626 2772; x_wconf 89' lang='lat' dir='ltr'><strong>rei</strong></span> <span class='ocrx_word' id='word_1_288' title='bbox 1667 2727 1870 2785; x_wconf 89' lang='lat' dir='ltr'><strong>publicae</strong></span> <span class='ocrx_word' id='word_1_289' title='bbox 1912 2726 2114 2771; x_wconf 87' lang='lat' dir='ltr'><strong>inimicus</strong></span> 
     </span>
     <span class='ocr_line' id='line_1_36' title="bbox 371 2795 2116 2856; baseline 0.002 -20"><span class='ocrx_word' id='word_1_290' title='bbox 371 2795 503 2848; x_wconf 89' lang='lat' dir='ltr'><strong>esset,</strong></span> <span class='ocrx_word' id='word_1_291' title='bbox 536 2810 638 2839; x_wconf 89' lang='lat' dir='ltr'><strong>nam</strong></span> <span class='ocrx_word' id='word_1_292' title='bbox 670 2797 798 2842; x_wconf 87' lang='lat' dir='ltr'><strong>salva</strong></span> <span class='ocrx_word' id='word_1_293' title='bbox 828 2814 878 2842; x_wconf 91' lang='lat' dir='ltr'><strong>re</strong></span> <span class='ocrx_word' id='word_1_294' title='bbox 907 2798 1087 2856; x_wconf 90' lang='lat' dir='ltr'><strong>publica</strong></span> <span class='ocrx_word' id='word_1_295' title='bbox 1119 2814 1267 2842; x_wconf 91' lang='lat' dir='ltr'><strong>omnes</strong></span> <span class='ocrx_word' id='word_1_296' title='bbox 1302 2799 1450 2843; x_wconf 90' lang='lat' dir='ltr'><strong>salvos</strong></span> <span class='ocrx_word' id='word_1_297' title='bbox 1483 2814 1592 2842; x_wconf 86' lang='lat' dir='ltr'><strong>esse.</strong></span> <span class='ocrx_word' id='word_1_298' title='bbox 1650 2800 1896 2855; x_wconf 87' lang='lat' dir='ltr'><strong>propterea</strong></span> <span class='ocrx_word' id='word_1_299' title='bbox 1927 2797 2116 2853; x_wconf 80' lang='grc' dir='ltr'><strong><em>(ἀδελφὰ</em></strong></span> 
     </span>
     <span class='ocr_line' id='line_1_37' title="bbox 370 2865 2113 2926; baseline 0.003 -21"><span class='ocrx_word' id='word_1_300' title='bbox 370 2865 510 2907; x_wconf 80' lang='grc' dir='ltr'><strong><em>τῶνδε</em></strong></span> <span class='ocrx_word' id='word_1_301' title='bbox 553 2881 594 2909; x_wconf 87' lang='lat' dir='ltr'><strong>v.</strong></span> <span class='ocrx_word' id='word_1_302' title='bbox 629 2867 730 2924; x_wconf 79' lang='lat'>192)</span> <span class='ocrx_word' id='word_1_303' title='bbox 769 2868 1000 2912; x_wconf 86' lang='lat' dir='ltr'><strong>Eteoclem</strong></span> <span class='ocrx_word' id='word_1_304' title='bbox 1039 2884 1122 2926; x_wconf 91' lang='lat' dir='ltr'><strong>pro</strong></span> <span class='ocrx_word' id='word_1_305' title='bbox 1162 2869 1316 2926; x_wconf 88' lang='lat' dir='ltr'><strong>patria</strong></span> <span class='ocrx_word' id='word_1_306' title='bbox 1355 2871 1580 2912; x_wconf 88' lang='lat' dir='ltr'><strong>mortuum</strong></span> <span class='ocrx_word' id='word_1_307' title='bbox 1631 2867 1829 2910; x_wconf 91' lang='lat' dir='ltr'><strong>omnibus</strong></span> <span class='ocrx_word' id='word_1_308' title='bbox 1870 2866 2113 2910; x_wconf 88' lang='lat' dir='ltr'><strong>honoribus</strong></span> 
     </span>
     <span class='ocr_line' id='line_1_38' title="bbox 373 2933 2113 2996; baseline 0.002 -21"><span class='ocrx_word' id='word_1_309' title='bbox 373 2933 556 2990; x_wconf 87' lang='lat' dir='ltr'><strong>sepeliri</strong></span> <span class='ocrx_word' id='word_1_310' title='bbox 588 2951 634 2979; x_wconf 86' lang='lat' dir='ltr'><strong>se</strong></span> <span class='ocrx_word' id='word_1_311' title='bbox 665 2936 883 2993; x_wconf 82' lang='lat' dir='ltr'><strong>iussisse,</strong></span> <span class='ocrx_word' id='word_1_312' title='bbox 915 2938 1122 2995; x_wconf 89' lang='lat' dir='ltr'><strong>Polynici</strong></span> <span class='ocrx_word' id='word_1_313' title='bbox 1164 2941 1314 2982; x_wconf 88' lang='lat' dir='ltr'><strong>autem</strong></span> <span class='ocrx_word' id='word_1_314' title='bbox 1359 2939 1434 2996; x_wconf 90' lang='lat' dir='ltr'><strong>qui</strong></span> <span class='ocrx_word' id='word_1_315' title='bbox 1475 2940 1634 2981; x_wconf 88' lang='lat' dir='ltr'><strong>contra</strong></span> <span class='ocrx_word' id='word_1_316' title='bbox 1662 2936 1859 2995; x_wconf 89' lang='lat' dir='ltr'><strong>patriam</strong></span> <span class='ocrx_word' id='word_1_317' title='bbox 1888 2950 2015 2980; x_wconf 90' lang='lat' dir='ltr'><strong>arma</strong></span> <span class='ocrx_word' id='word_1_318' title='bbox 2043 2938 2113 2979; x_wconf 91' lang='lat' dir='ltr'><strong>tu-</strong></span> 
     </span>
     <span class='ocr_line' id='line_1_39' title="bbox 369 3002 2114 3066; baseline 0.002 -20"><span class='ocrx_word' id='word_1_319' title='bbox 369 3002 500 3047; x_wconf 90' lang='lat' dir='ltr'><strong>lisset</strong></span> <span class='ocrx_word' id='word_1_320' title='bbox 530 3020 611 3048; x_wconf 88' lang='lat' dir='ltr'><strong>nec</strong></span> <span class='ocrx_word' id='word_1_321' title='bbox 642 3006 774 3051; x_wconf 88' lang='lat' dir='ltr'><strong>funus</strong></span> <span class='ocrx_word' id='word_1_322' title='bbox 807 3008 907 3052; x_wconf 90' lang='lat' dir='ltr'><strong>fieri</strong></span> <span class='ocrx_word' id='word_1_323' title='bbox 939 3010 985 3052; x_wconf 91' lang='lat' dir='ltr'><strong>et</strong></span> <span class='ocrx_word' id='word_1_324' title='bbox 1017 3009 1197 3052; x_wconf 88' lang='lat' dir='ltr'><strong>canibus</strong></span> <span class='ocrx_word' id='word_1_325' title='bbox 1236 3009 1482 3066; x_wconf 82' lang='lat' dir='ltr'><strong>avibusque</strong></span> <span class='ocrx_word' id='word_1_326' title='bbox 1515 3022 1675 3065; x_wconf 90' lang='lat' dir='ltr'><strong>corpus</strong></span> <span class='ocrx_word' id='word_1_327' title='bbox 1708 3006 1801 3050; x_wconf 85' lang='lat' dir='ltr'><strong>eius</strong></span> <span class='ocrx_word' id='word_1_328' title='bbox 1832 3005 2001 3064; x_wconf 65' lang='lat' dir='ltr'><strong>proici.</strong></span> <span class='ocrx_word' id='word_1_329' title='bbox 2049 3005 2114 3049; x_wconf 86' lang='lat' dir='ltr'><strong>in·</strong></span> 
     </span>
     <span class='ocr_line' id='line_1_40' title="bbox 371 3075 2114 3136; baseline 0.002 -20"><span class='ocrx_word' id='word_1_330' title='bbox 371 3077 613 3133; x_wconf 87' lang='lat' dir='ltr'><strong>corruptae</strong></span> <span class='ocrx_word' id='word_1_331' title='bbox 644 3076 787 3133; x_wconf 88' lang='lat' dir='ltr'><strong>igitur</strong></span> <span class='ocrx_word' id='word_1_332' title='bbox 818 3078 1022 3123; x_wconf 87' lang='lat' dir='ltr'><strong>iustitiae</strong></span> <span class='ocrx_word' id='word_1_333' title='bbox 1055 3078 1301 3136; x_wconf 82' lang='lat' dir='ltr'><strong>exemplum</strong></span> <span class='ocrx_word' id='word_1_334' title='bbox 1335 3078 1552 3122; x_wconf 89' lang='lat' dir='ltr'><strong>edendum</strong></span> <span class='ocrx_word' id='word_1_335' title='bbox 1581 3076 1775 3135; x_wconf 83' lang='lat' dir='ltr'><strong>putavit,</strong></span> <span class='ocrx_word' id='word_1_336' title='bbox 1808 3076 1960 3133; x_wconf 84' lang='lat' dir='ltr'><strong>qualia</strong></span> <span class='ocrx_word' id='word_1_337' title='bbox 1981 3075 2114 3120; x_wconf 88' lang='lat' dir='ltr'><strong>edere</strong></span> 
     </span>
     <span class='ocr_line' id='line_1_41' title="bbox 372 3145 2111 3206; baseline 0.001 -19"><span class='ocrx_word' id='word_1_338' title='bbox 372 3145 519 3190; x_wconf 87' lang='lat' dir='ltr'><strong>solent</strong></span> <span class='ocrx_word' id='word_1_339' title='bbox 552 3147 620 3191; x_wconf 90' lang='lat' dir='ltr'><strong>sui</strong></span> <span class='ocrx_word' id='word_1_340' title='bbox 651 3148 984 3192; x_wconf 89' lang='lat' dir='ltr'><strong>commendandi</strong></span> <span class='ocrx_word' id='word_1_341' title='bbox 1024 3163 1158 3192; x_wconf 87' lang='lat' dir='ltr'><strong>causa</strong></span> <span class='ocrx_word' id='word_1_342' title='bbox 1197 3148 1272 3206; x_wconf 90' lang='lat' dir='ltr'><strong>qui</strong></span> <span class='ocrx_word' id='word_1_343' title='bbox 1302 3151 1488 3206; x_wconf 89' lang='lat' dir='ltr'><strong>praeter</strong></span> <span class='ocrx_word' id='word_1_344' title='bbox 1533 3163 1655 3206; x_wconf 90' lang='lat' dir='ltr'><strong>spem</strong></span> <span class='ocrx_word' id='word_1_345' title='bbox 1686 3146 1743 3190; x_wconf 90' lang='lat' dir='ltr'><strong>ad</strong></span> <span class='ocrx_word' id='word_1_346' title='bbox 1775 3161 1987 3190; x_wconf 89' lang='lat' dir='ltr'><strong>summam</strong></span> <span class='ocrx_word' id='word_1_347' title='bbox 2017 3146 2111 3202; x_wconf 85' lang='lat' dir='ltr'><strong>dig-</strong></span> 
     </span>
     <span class='ocr_line' id='line_1_42' title="bbox 374 3215 2114 3264; baseline 0 -3"><span class='ocrx_word' id='word_1_348' title='bbox 374 3217 565 3262; x_wconf 85' lang='lat' dir='ltr'><strong>nitatem</strong></span> <span class='ocrx_word' id='word_1_349' title='bbox 592 3222 983 3264; x_wconf 85' lang='lat' dir='ltr'><strong>consurrexerunt.</strong></span> <span class='ocrx_word' id='word_1_350' title='bbox 1046 3221 1214 3263; x_wconf 90' lang='lat' dir='ltr'><strong>norunt</strong></span> <span class='ocrx_word' id='word_1_351' title='bbox 1235 3219 1455 3264; x_wconf 89' lang='lat' dir='ltr'><strong>hominem</strong></span> <span class='ocrx_word' id='word_1_352' title='bbox 1478 3218 1596 3264; x_wconf 89' lang='lat' dir='ltr'><strong>cives</strong></span> <span class='ocrx_word' id='word_1_353' title='bbox 1627 3232 1708 3262; x_wconf 87' lang='lat' dir='ltr'><strong>nec</strong></span> <span class='ocrx_word' id='word_1_354' title='bbox 1737 3216 1850 3261; x_wconf 83' lang='lat' dir='ltr'><strong>laeti</strong></span> <span class='ocrx_word' id='word_1_355' title='bbox 1879 3215 2114 3262; x_wconf 87' lang='lat' dir='ltr'><strong>admodum</strong></span> 
     </span>
    </p>
   </div>
  </div>
 </body>
</html>
