2280 3574
1137 235 1425 284 „24—

402 360 644 418 praeterea
682 358 833 403 autem
873 370 962 401 non
1005 355 1150 412 legem
1191 356 1334 399 solum
1363 355 1577 400 iniustam
1618 358 1665 399 et
1695 354 1978 400 inhumanam
2007 354 2150 415 despi-

404 429 525 474 catui
564 429 722 481 habet,
765 426 843 471 sed
883 426 1028 483 ipsum
1061 426 1302 471 Creontem
1340 425 1457 482 legis
1499 427 1730 472 auctorem
1773 426 1890 480 odit,
1934 426 2154 471 hominem

404 498 595 547 mortuis
639 497 814 542 virtute
856 496 1094 553 imparem,
1141 495 1290 540 aliena
1331 498 1468 553 gente
1509 495 1700 550 editum,
1741 511 1768 540 a
1800 496 1977 541 Tiresia
2006 496 2153 555 patris

405 568 669 614 adversario
716 567 763 610 in
807 565 938 622 regni
981 565 1303 612 successionem
1354 565 1764 620 subministratum,
1823 566 1899 623 qui
1945 565 2063 623 quod
2107 565 2155 610 in

406 638 600 683 fratrem
630 635 886 681 vindicandi
916 635 985 679 ius
1019 635 1103 679 sibi
1134 635 1436 692 arrogaverit,
1476 635 1546 678 sui
1586 635 1875 680 offendendae
1907 650 2042 680 causa
2070 635 2154 680 hoc

405 709 574 752 factum
606 722 704 750 esse
735 720 824 751 non
855 705 1047 749 dubitat.
1111 705 1197 749 sibi
1239 705 1418 762 suisque
1462 704 1673 750 hostilem
1712 720 1809 750 esse
1841 705 2009 750 credit:
2050 705 2154 750 inde

408 777 714 822 obsistendum
745 775 816 819 illi
849 790 946 819 esse
977 789 1241 833 persuasum
1268 775 1417 829 habet,
1450 775 1526 832 qui
1556 774 1767 831 tetigerit
1798 790 1911 833 quae
1942 775 2011 819 sui
2041 775 2153 819 iuris

405 863 494 891 non
526 847 629 900 sint,
663 845 739 903 qui
771 845 968 889 alterum
999 845 1194 888 fratrem
1224 844 1315 888 rite
1347 844 1622 902 sepeliverit,
1663 844 1718 888 de
1748 844 1895 890 altero
1926 846 2155 902 tamquam

406 918 460 961 de
501 917 631 960 hoste
674 930 726 959 ac
767 930 898 959 servo
942 914 1090 971 egerit
1130 914 1263 971 (517).
1337 914 1610 958 adversatur
1652 914 1887 971 Antigona
1927 929 2016 958 non
2060 917 2156 959 tam

407 986 681 1044 reipublicae
713 999 845 1042 quam
867 983 1054 1028 Creonti
1085 986 1299 1040 tyrann0‚
1331 984 1464 1041 idque
1496 999 1543 1028 se
1573 984 1724 1028 facere
1754 984 1873 1028 velle
1900 998 1990 1029 non
2019 983 2156 1041 longa

411 1057 585 1104 demum
617 1055 892 1112 cogitatione
922 1053 1118 1098 adducta
1150 1053 1228 1099 sed
1256 1053 1333 1097 ubi
1362 1054 1555 1111 primum
1593 1053 1648 1098 de
1680 1053 1826 1099 edicto
1857 1053 2030 1112 accepit
2058 1053 2154 1098 sine

409 1125 694 1173 cunctatione
724 1124 981 1183 profitetur.

526 1196 725 1253 iniquum
767 1194 862 1238 sine
902 1193 1035 1238 dubio
1066 1193 1325 1251 Antigonae
1369 1194 1423 1237 de
1455 1194 1651 1246 Creonte
1690 1193 1900 1237 iudicium
1940 1194 2032 1247 est,
2077 1192 2156 1237 sed

410 1267 481 1310 ira
514 1268 560 1309 et
593 1265 693 1308 odio
727 1266 961 1308 occaecata
1001 1263 1134 1308 facile
1174 1263 1461 1320 intellegitur
1503 1263 1720 1320 quomodo
1752 1278 1909 1309 errare
1939 1262 2156 1321 potuerit.

412 1337 526 1382 Creo
550 1335 664 1381 enim
685 1333 986 1392 provectioris
1014 1333 1180 1378 aetatis
1202 1334 1344 1387 homo,
1378 1333 1424 1378 in
1445 1349 1495 1377 re
1516 1333 1695 1391 publica
1713 1333 1909 1379 nondum
1930 1334 2157 1387 versatus,

410 1405 660 1464 imperandi
699 1405 927 1458 insuetus,
972 1405 1089 1447 bona
1131 1403 1369 1450 voluntate
1410 1403 1552 1460 magis
1594 1418 1725 1461 quam
1763 1402 2007 1461 prudentia
2046 1417 2158 1447 com-

412 1475 699 1529 mendabiliS,
744 1473 1024 1520 mollioribus
1069 1473 1206 1518 anim-i
1246 1473 1516 1517 motionibus
1561 1488 1642 1518 nec
1683 1473 1774 1518 suis
1817 1488 1961 1530 neque
1998 1472 2158 1517 alienis

411 1546 661 1602 indulgens,
695 1544 832 1588 fortis
864 1544 1078 1587 honestus
1126 1559 1309 1588 severus
1352 1543 1588 1601 pertinaX,
1631 1543 1798 1602 publici
1838 1542 2055 1588 commodi
2085 1543 2159 1586 ob-

417 1614 782 1660 servantissimus
828 1614 906 1658 sed
945 1613 1052 1670 quid
1082 1613 1231 1671 prosit
1261 1613 1454 1658 aliorum
1483 1612 1626 1670 magis
1656 1613 1945 1659 institutione
1975 1612 2160 1658 edoctus

415 1701 546 1743 quam
577 1685 673 1742 ipse
706 1686 933 1742 expertus,
967 1682 1171 1727 Tiresiae
1203 1698 1285 1740 ope
1316 1682 1373 1726 ad
1404 1698 1592 1740 regnum
1613 1685 1807 1737 evectus,
1841 1697 1948 1729 suae
1968 1681 2158 1740 virtutis

410 1756 506 1813 ipse
539 1755 624 1799 sibi
659 1755 799 1812 probe
831 1753 1052 1807 conscius,
1097 1752 1336 1810 dignitatis
1380 1767 1486 1797 suae
1527 1768 1577 1797 eo
1623 1753 1765 1810 magis
1810 1752 2032 1799 sollicitus
2073 1766 2160 1810 quo

410 1826 554 1870 minus
590 1840 637 1869 se
669 1824 839 1869 civibus
870 1826 1053 1880 gratum
1086 1823 1239 1877 sentit,
1272 1823 1387 1870 Creo
1418 1823 1562 1880 igitur
1593 1826 1645 1867 ut
1674 1824 1864 1881 probum
1884 1837 1937 1867 ac
1957 1837 2157 1880 gravem,

412 1896 581 1943 iustum
611 1909 663 1939 ac
694 1909 900 1944 severum
930 1893 1154 1937 dominum
1187 1908 1233 1937 se
1263 1894 1506 1951 praeberet
1550 1893 1768 1951 simulque
1807 1896 1860 1937 ut
1891 1893 2055 1938 civium
2084 1907 2160 1937 vo-

412 1967 636 2015 luntatem
674 1979 834 2022 parum
877 1978 1147 2021 propensam
1178 1963 1477 2020 experiretur,
1511 1963 1772 2020 Polynicem
1811 1978 1910 2007 cum
1940 1962 2160 2007 adversus

414 2036 612 2094 patriam
632 2049 759 2079 arma
779 2034 964 2078 tulisset
986 2033 1131 2077 edicto
1164 2033 1314 2077 vetuit
1343 2033 1538 2091 sepeliri,
1572 2048 1697 2077 omne
1717 2033 1963 2090 aequitatis
1985 2032 2158 2091 pondus

411 2107 458 2150 in
490 2121 541 2149 eo
572 2105 769 2163 positum
800 2119 898 2148 esse
928 2106 1057 2148 ratus
1090 2106 1142 2147 ut
1173 2103 1338 2150 amicus
1381 2118 1470 2147 non
1515 2103 1617 2161 pari
1646 2105 1783 2160 atque
1813 2103 1958 2147 hostis
1989 2103 2160 2158 honore

411 2177 657 2222 haberetur
698 2177 836 2232 utque
876 2173 1116 2223 discrimen
1157 2173 1258 2221 fieri
1297 2173 1645 2230 intellegeretur
1687 2174 1826 2218 bonos
1869 2172 1991 2216 inter
2023 2174 2160 2230 atque

412 2247 651 2304 improbos.
714 2244 877 2289 civium
919 2243 1097 2301 quidem
1141 2243 1368 2291 nonnullis
1408 2243 1603 2291 edictum
1640 2257 1800 2301 parum
1829 2243 2072 2301 probatum
2101 2241 2163 2286 iri

414 2316 695 2374 expectabat,
726 2314 1006 2371 Antigonam
1036 2328 1146 2362 vero
1186 2315 1238 2356 ut
1279 2313 1512 2358 mulierem
1554 2313 1784 2371 patienter
1825 2313 2024 2359 laturam
2063 2326 2162 2356 esse

412 2401 501 2431 non
540 2385 792 2436 dubitabat.
856 2398 953 2427 cum
992 2383 1123 2441 virgo
1165 2383 1444 2441 deprehensa
1482 2383 1743 2437 adducitur,
1794 2382 1987 2441 primum
2029 2381 2160 2427 vehe-

414 2458 588 2504 menter
630 2455 929 2514 perturbatus
970 2455 1017 2498 et
1057 2456 1303 2503 commotus
1351 2453 1469 2510 (403)
1510 2452 1740 2501 nuntianti
1781 2452 1914 2499 fidem
1949 2453 2161 2511 abrogat,

417 2541 520 2579 mox
549 2540 631 2576 nec
659 2524 864 2575 iustitiae
895 2523 1114 2582 pietatem
1143 2538 1224 2572 nec
1252 2523 1486 2580 gentilicia
1528 2523 1630 2567 iura
1671 2522 1764 2580 legi
1800 2522 2006 2581 publicae
2037 2523 2162 2566 ante-

415 2595 619 2646 habenda
659 2610 756 2643 esse
797 2594 1052 2638 arbitratus
1092 2595 1360 2651 argumenta
1406 2593 1695 2650 rationesque
1724 2592 1984 2649 Antigonae
2019 2605 2163 2649 neque

415 2668 591 2716 refutat
630 2679 773 2722 neque
814 2666 970 2718 curat,
1012 2663 1132 2708 haud
1172 2663 1344 2709 scilieet
1382 2663 1596 2721 ignorans
1642 2662 1711 2713 sui
1749 2662 1926 2720 pariter
1971 2660 2072 2722 odio
2111 2675 2165 2705 ac

416 2736 580 2780 fratris
611 2735 850 2792 gentisque
890 2734 1064 2792 pietate
1103 2733 1230 2777 illam
1258 2733 1442 2781 moveri.
1504 2733 1681 2791 reliqua
1721 2732 1868 2780 omnia
1896 2731 2029 2791 parvi
2057 2746 2164 2789 pen-

419 2806 527 2856 dens
559 2797 695 2855 unum
726 2805 822 2862 ipse
853 2806 994 2858 tenet,
1028 2803 1259 2860 egregium
1288 2803 1454 2850 novicii
1483 2803 1606 2866 regis
1638 2802 1887 2861 exemplum
1915 2801 2060 2859 (667):

743 2875 864 2926 ὅστις
895 2874 932 2918 δ’
965 2873 1163 2929 ὑπερβὰς
1192 2873 1219 2929 ἢ
1250 2874 1417 2929 νόμους
1446 2874 1639 2929 βιάζεται

741 2945 767 3000 ,ἢ
798 2943 1111 2994 τούπιπάᾱσειν
1140 2950 1235 2994 τοῖς
1263 2944 1564 3000 κρατύνουσιν
1593 2949 1701 2995 νοεῖ,

743 3014 826 3059 οὐκ
855 3013 941 3057 ἔστ’
974 3012 1161 3065 ἐπαίνου
1189 3019 1350 3063 τοῦτον
1379 3012 1425 3066 ἐξ
1455 3013 1564 3070 ,ἐμοῦ
1591 3019 1743 3070 τυχεῖν
1756 3026 1768 3046 -·

742 3084 835 3128 ἀλλ’
869 3083 923 3136 ὃν
954 3084 1083 3135 πόλις
1107 3085 1299 3139 στήσειε,
1329 3084 1461 3131 τοῦδε
1490 3084 1575 3140 χρὴ
1604 3083 1758 3132 κλύειν

740 3153 813 3206 καὶ
844 3154 1007 3210 σμικρὰ
1035 3151 1109 3205 καὶ
1139 3154 1292 3203 δίκαια
1318 3152 1393 3202 καὶ
1421 3153 1649 3203 τάναντία.

420 3242 558 3286 ecque
590 3224 709 3285 quod
741 3223 864 3278 ridet
895 3222 1130 3280 Antigona
1160 3237 1312 3279 regem
1340 3223 1550 3281 regisque
1580 3222 1737 3285 legem,
1771 3219 1890 3279 quod
1915 3217 2167 3269 ,contemnit
